1.3 1.4 starck 10/05/27 17:26:45
