@STRING {AJ = "Astrophysical Journal"}
@STRING {AAS = "Astronomy and Astrophysics, Suppl. Ser."}

@INPROCEEDINGS{astro:guibert92,
    author = {{Guibert}, J.},
    title = {THE {MAMA} FACILITY - A SURVEY OF SCIENTIFIC PROGRAMMES},
    booktitle = {Digitised Optical Sky Surveys},
    year = 1992,
    pages = {103+},
    url = {http://cdsads.u-strasbg.fr/cgi-bin/nph-bib_query?bibcode=1992doss.conf..103G&db_key=AST},
    adsnote = {Provided by the NASA Astrophysics Data System}
}



@ARTICLE{astro:bertin96,
    author = {{Bertin}, E. and {Arnouts}, S.},
    title = {SExtractor: Software for source extraction.},
    journal = AAS,
    year = 1996,
    month = jun,
    volume = 117,
    pages = {393--404},
    url = {http://cdsads.u-strasbg.fr/cgi-bin/nph-bib_query?bibcode=1996A%26AS..117..393B&db_key=AST},
    adsnote = {Provided by the NASA Astrophysics Data System}
}
@ARTICLE{astro:lagage94,
    author = {{Lagage}, P.O. and {Pantin}, E.},
    title = {DUST DEPLETION IN THE INNER DISK OF BETA-PICTORIS AS A POSSIBLE INDICATOR OF PLANETS},
    journal = {Nature},
    year = 1994,
    month = jun,
    volume = 369,
    pages = {628+},
    url = {http://adsabs.harvard.edu/cgi-bin/nph-bib_query?bibcode=1994Natur.369..628L&db_key=AST},
    adsnote = {Provided by the NASA Astrophysics Data System}
}

@ARTICLE{astro:pantin97,
    author = {{Pantin}, E. and {Lagage}, P. O. and {Artymowicz}, P.},
    title = {Mid-infrared images and models of the beta  Pictoris dust disk},
    journal = AA,
    year = 1997,
    month = nov,
    volume = 327,
    pages = {1123--1136},
    url = {http://adsabs.harvard.edu/cgi-bin/nph-bib_query?bibcode=1997A%26A...327.1123P&db_key=AST},
    adsnote = {Provided by the NASA Astrophysics Data System}
}


@ARTICLE{astro:slezak93,
AUTHOR     = {E. Slezak and V. de Lapparent and A. Bijaoui},
TITLE      = {Objective detection of voids and high density structures in the first
 {C}f{A} redshift survey slice},
JOURNAL    = AJ,
VOLUME     = {409},
PAGE       = {517--529},
YEAR       = {1993}
}

@ARTICLE{astro:slezak94,
    author = {{Slezak}, E.  and {Durret}, F.  and {Gerbal}, D. },
    title = {A wavelet analysis search for substructures in eleven {X-ray} clusters of galaxies},
    journal = AJ,
    year = 1994,
    volume = 108,
    pages = {1996--2008},
}

@ARTICLE{astro:vikhlinin97,
    author = {{Vikhlinin}, A. and {Forman}, W. and {Jones}, C.},
    title = {Another Collision for the {Coma} Cluster},
    journal = AJ,
    year = 1997,
    month = jan,
    volume = 474,
    pages = {L7-+},
    url = {http://cdsads.u-strasbg.fr/cgi-bin/nph-bib_query?bibcode=1997ApJ...474L...7V&db_key=AST},
    adsnote = {Provided by the NASA Astrophysics Data System}
}

@TECHREPORT{astro:bijaoui94,
AUTHOR     = {A. Bijaoui and P. Bury and E. Slezak},
INSTITUTION = {Observatoire de la C\^ote d'Azur},
TITLE      = {Catalog analysis with multiresolution insights.  
    1. Detection and characterization of  significant structures},
YEAR       = {1994}
} 

@PHDTHESIS{astro:bury95,
  AUTHOR       = {P. Bury},
  MONTH        = {Janvier},
  SCHOOL       = {Universit\'e de Nice Sophia Antipolis},
  TITLE        = {De la distribution de mati\`ere \`a 
 grande \'echelle \`a partir des amas d'{A}bell},
  YEAR         = {1995}
}

