@STRING {AA = "Astronomy and Astrophysics"} 
@STRING{CVGIP = "CVGIP: Graphical Models and Image Processing"}
@STRING{EA = "Experimental Astronomy"}
@STRING{VA = "Vistas in Astronomy"}
@STRING{ITIP = "IEEE Transactions on Image Processing"}
@string {IEEETSP = "IEEE Trans. on Signal Process."}
@string {IEEETCSVT = "IEEE Trans. on Circ. and Syst. for Video Tech."}


% Quadtree to find bolck size
% + 2D DCT per block
% + 1D K-L transform
@ARTICLE{compress:lee99,
AUTHOR     = {J. Lee},
TITLE      = {Optimized Quadtree for Karhunen-Loeve Transform in Multispectral
Imag Coding},
JOURNAL    = ITIP,
VOLUME     = {8},
NUMBER     = {4},
PAGES      = {453--461},
YEAR       = {1999}
}


@ARTICLE{compress:bobichon97,
AUTHOR     = {Y. Bobichon and A. Bijaoui},
TITLE      = {A regularized image restoration algorithm for lossy compression in astronomy},
JOURNAL    = EA,
VOLUME     = {7},
NUMBER     = {3},
PAGES      = {239--255},
YEAR       = {1997}
}

@ARTICLE{compress:huang91_1,
AUTHOR     = {L. Huang and A. Bijaoui},
TITLE      = {Astronomical image data compression by morphological skeleton transformation},
JOURNAL    = EA,
VOLUME     = {1},
PAGES      = {311--327},
YEAR       = {1991}
}

@ARTICLE{compress:bijaoui96,
AUTHOR     = {A. Bijaoui and Y. Bobichon  and L. Huang},
TITLE      = {Digital image compression in astronomy -- morphology or wavelets},
JOURNAL    = VA,
VOLUME     = {40},
NUMBER     = {4},
PAGES      = {587--594},
YEAR       = {1996}
}

@ARTICLE{compress:huang91_2,
AUTHOR     = {L. Huang and A. Bijaoui},
TITLE      = {An efficient Image Compression Algorithm without Distortion},
JOURNAL    = {Pattern Recognition Letters},
VOLUME     = {12},
PAGES      = {69--72},
YEAR       = {1991}
}


@INPROCEEDINGS{compress:carl93,
AUTHOR     = {M. Carlsohn and Ph. Paillou and M. Louys and F. Bonnarel},
TITLE      = {Evaluation of coding of space  images with respect to
their astronomical semantics},
BOOKTITLE  = {Computer Vision for Space Applications},
EDITOR     = {INRIA-ESA-A\'erospatiale},
ADDRESS    = {Antibes},
PAGES      = {389--395},
YEAR       = {1993}
}

@ARTICLE{compress:andre96,
    author = {{Csillaghy}, A.},
    title = {Extracting, selecting and visualizing information from digital astronomical images},
    journal = {Vistas in Astronomy},
    year = 1996,
    volume = 40,
    pages = {503--510},
    url = {http://cdsads.u-strasbg.fr/cgi-bin/nph-bib_query?bibcode=1996VA.....40..503C&db_key=AST},
    adsnote = {Provided by the NASA Astrophysics Data System}
}


@INPROCEEDINGS{compress:bartlett96,
AUTHOR     = {J.G. Bartlett and F. Bonnarel and D. Egret and F. Genova and 
H. Ziaeepour and O. Bienaym\'e and F. Ochsenbein and M. Cr\'ez\'e and
J. Florsch and M. Louys and Ph. Paillou},
TITLE      = {The {ALADIN} project: status report},
BOOKTITLE  = {Astronomical Data Analysis Software and Systems V},
EDITOR     = {G.H. Jacoby and J. Barnes},
PAGES      = {489--492},
YEAR       = {1996}
}

@ARTICLE{compress:bonnarel99,
    author = {F. {Bonnarel} and P. {Fernique} and F. {Genova} and 
        J. G. {Bartlett}  and O. {Bienaym\'e}  and D. {Egret}   and 
        J. {Florsch}  and H. {Ziaeepour}   and M. {Louys}},
    title = {{ALADIN}: A Reference Tool for Identification of Astronomical Sources},
    journal = {Astronomical Data Analysis Software and Systems VIII, ASP Conference Series, Vol. 172.  Ed.  David M. Mehringer, Raymond L. Plante, and Douglas A. Roberts. ISBN:   1-886733-94-5   (1999), p. 229.},
    year = 1999,
    volume = 8,
    pages = {229--232},
}



@INPROCEEDINGS{compress:genova99,
AUTHOR     = {F. Genova and P. Fernique and J. Bartlett and O.Bienaym\'e and F. Bonnarel
and  D. Egret and J.Florsch and H.Ziaeepour and M. Louys },
TITLE      = {{ALADIN}, a reference tool for astronomical sources identification},
BOOKTITLE  = {Astronomical Data Analysis Software and Systems VIII},
EDITOR     = {G.H. Jacoby and J. Barnes},
PAGES      = {to be published},
YEAR       = {1999}
}

@TECHREPORT{compress:dubaj94,
AUTHOR      = {D. Dubaj},
INSTITUTION = {Strasbourg Observatory},
TITLE       = {DEA},
YEAR        = {1994}
} 
 
@BOOK{compress:fisher94,
AUTHOR    = {F. Fisher},
TITLE     = {Fractal Image Compression: Theory and Applications},
PUBLISHER = {Springer-Verlag},
YEAR      = {1994}
}

@Book{compress:proakis,
  author =       {J.G. Proakis},
  title =        {Digital Communications},
  publisher =    {McGraw-Hill},
  year =         {1995}
}

@ARTICLE{compress:furht95,
AUTHOR     = {B. Furht},
JOURNAL    = {Real-Time Imaging},
VOLUME     = {1},
PAGES      = {49--67},
YEAR       = {1995}
}
 
@ARTICLE{compress:hannaford93, 
AUTHOR     = {B. Furht}, 
JOURNAL    = {GVGIP: Graphical Models and Image Processing}, 
VOLUME     = {55}, 
PAGES      = {359--369}, 
YEAR       = {1993} 
}

@INPROCEEDINGS{compress:press92, 
AUTHOR     = {W.H. Press}, 
BOOKTITLE  ={Astronomical Data Analysis Software and Systems I}, 
EDITOR     = {D.M. Worrall and C. Biemesderfer and J. Barnes}, 
PUBLISHER  = {Astronomical Society of the Pacific}, 
ADRESS     = {San Francisco}, 
PAGES      = {3--16}, 
YEAR       = {1992} 
}

@INPROCEEDINGS{compress:white92, 
AUTHOR     = {R. White and M. Postman and M. Lattanzi}, 
BOOKTITLE  = {Digitized Optical Sky Surveys}, 
EDITOR     = {H.T. MacGillivray and E.B. Thompson}, 
PUBLISHER  = {Kluwer}, 
ADRESS     = {Dordrecht}, 
PAGES      = {167--175}, 
YEAR       = {1992} 
}

@ARTICLE{compress:Serra, 
AUTHOR     = {serra}, 
TITLE      = {Mathematical Morphology}, 
JOURNAL    = {IEEE Image Processing}, 
VOLUME     = {3},
NUMBER     = {5}, 
YEAR       = {1994} 
}

@ARTICLE{compress:taubman94, 
AUTHOR     = {D. Taubman and A. Zakhor}, 
TITLE      = {Multirate 3-{D} subband coding of video}, 
JOURNAL    = {IEEE Transactions on Image Processing}, 
VOLUME     = {3},
NUMBER     = {5}, 
YEAR       = {1994} 
}

@MISC{compress:couvidat99,
AUTHOR       = {S. Couvidat},
HOWPUBLISHED = {DEA Dissertation, Stasbourg Observatory},
YEAR         = {1999}
}

@MISC{compress:davis,
AUTHOR       = {Davis},
HOWPUBLISHED = { Wavelet freeware: provided by Davis, available at \\
"http://www.cs.dartmouth.edu/~gdavis/wavelet/wavelet.html},
YEAR         = {1997}
}

@MISC{mr1,
AUTHOR       = {MR/1 software},
HOWPUBLISHED = {see http://ourworld.compuserve.com/homepages/multires},
YEAR         = {1998}
}

@ARTICLE{compress:ojha94 , 
AUTHOR     = { D.K. Ojha and O. Bienaym\'e and A.C Robin and V. Mohan}, 
JOURNAL    = AA, 
VOLUME     = {290}, 
PAGES      = {771--784}, 
YEAR       = {1994} 
}

@INPROCEEDINGS{compress:percival96,
AUTHOR     = {J.W. Percival and R.L. White},
TITLE      = {An Ultra-Low Bandwith Video Transmission System},
BOOKTITLE  = {Astronomical Data Analysis Software and Systems V},
EDITOR     = {G.H. Jacoby and J. Barnes},
PAGES      = {108--111},
YEAR       = {1996}
}

@INPROCEEDINGS{compress:lalich95,
AUTHOR     = {V. Lalich-Petrich and G. Bhatia and L. Davis},
BOOKTITLE  = {Third Int. WWW Conf},
EDITOR     = {Holzapfel},
PAGES      = {159},
ADRESS     = {Frauenhofer Institute for Computer Graphics, Darmstadt},
YEAR       = {1995}
}

@article {compress:said96,
 author  = {A. Said and W.A. Pearlman},
 title  = {A New, Fast, and Efficient Image Codec Based on Set Partitioning in
 Hierarchival Trees},
 journal = IEEETCSVT,
 pages  = {243--250},
 volume  =  {6},
 number  = {3},
 year = {1996}
}

@article {compress:shapiro93,
 title   = {Embedded image coding using zerotrees of wavelet coefficients},
 author  = {J.M. Shapiro},
 journal = IEEETSP,
 volume  = 41,
 number  = 12,
 year    = {1993},
 pages   = {3445-3462}
}


@INPROCEEDINGS{compress:Veran,
AUTHOR     = {J.P. V\'eran and J.R. Wright},
BOOKTITLE  ={Astronomical Data Analysis Software and Systems III}, 
EDITOR     = {D.M. Worrall and C. Biemesderfer and J. Barnes}, 
PUBLISHER  = {Astronomical Society of the Pacific}, 
ADRESS     = {San Francisco},
PAGES      = {40},
YEAR       = {1994}
}
