@STRING {AA = "Astronomy and Astrophysics"} 
@STRING{CVGIP = "CVGIP: Graphical Models and Image Processing"}
@STRING{EA = "Experimental Astronomy"}
@string {IEEETIT =    "IEEE Trans.\ Inform.\ Theory"}
@string {IEEETPAMI =  "IEEE Trans.\ Patt.\ Anal.\ Mach.\ Intell."}
@STRING{ITIP = "IEEE Transactions on Image Processing"}
@STRING {TC = "IEEE Transactions on Computers."} 

@ARTICLE{edge:aydin96,
AUTHOR     = {Turgut Aydin and Yucel Yemez and Emin Anarim and Bulent Sankur},
TITLE      = {Multidirectional and Multiscale Edge Detection via 
{M}-Band Wavelet Transform},
JOURNAL    = ITIP,
VOLUME     = {5},
NUMBER     = {9},
PAGES      = {1370--1377},
YEAR       = {1996}
}

@ARTICLE{edge:frei77,
AUTHOR     = {W. Frei and C. Chen},
TITLE      = {Fast boundary detection: a generalization and a new algorithm},
JOURNAL    = TC,
VOLUME     = {C-26},
NUMBER     = {10},
PAGES      = {988-998},
YEAR       = {1977}
}

@ARTICLE{edge:marr80,
AUTHOR     = {D. Marr and E. Hildreth},
TITLE      = {Theory of edge detection},
JOURNAL    = {Proc. Royal Society of London B},
VOLUME     = {207},
PAGES      = {187--217},
YEAR       = {1980}
}

@article {edge:mallat92a,
 title   = {Singularity detection and processing with wavelets},
 author  = {S. Mallat and W. L. Hwang},
 journal = IEEETIT,
 volume  = 38,
 number  = 2,
 pages   = {617-643},
 year    = {1992}
}

@article{edge:mallat92b,
 author   = {S. Mallat and S. Zhong},
 title  = {Characterization of Signals from Multiscale Edges},
 journal = IEEETPAMI,
 volume = 14,
 pages = {710-732},
 year    = {1992}
}

@INPROCEEDINGS{edge:prewitt70,
AUTHOR     = {J. M. S. Prewitt},
TITLE      = {Object enhancement and Extraction},
BOOKTITLE  = {Picture Processing and Psychopictorics},
EDITOR     = {B. S. Lipkin and A. Rosenfeld},
PUBLISHER  = {Academic Press},
ADDRESS    = {New York},
YEAR       = {1970}
}


@INPROCEEDINGS{edge:roberts65,
AUTHOR     = {L. G. Roberts},
TITLE      = {Machine perception of three-dimensional solids},
BOOKTITLE  = {Optical and Electro-optical Information Processing},
EDITOR     = {J. T. Tippetp et al.},
PUBLISHER  = {MIT Press},
ADDRESS    = {Cambridge, MA},
YEAR       = {1965}
}

 
