@STRING {AA = "Astronomy and Astrophysics."} 
@STRING {AAS = "Astronomy and Astrophysics, Suppl. Ser."}
@STRING{IT = "IEEE Transactions on Information Theory"}
@STRING{ICASSP = "Proc. IEEE Int. Conf. Acoust. Speech., Signal Processing"}


@ARTICLE{entropy:sporring99,
  AUTHOR       = {J. Sporring and J. Weickert},
  TITLE        = {Information measures in scale-spaces},
  JOURNAL      = IT,
  VOLUME     = {45},
  PAGES      = { 1051--1058},
  YEAR         = {1999}
}

@MISC{entropy:ables74,
  AUTHOR       = {J.G. Ables},
  JOURNAL      = {AA},
  VOLUME       = {15} ,
  PAGES        = {383--393},
  YEAR         = {1974}
}

@ARTICLE{entropy:bontekoe94,
  AUTHOR       = {Tj.R. Bontekoe and E. Koper and D.J.M. Kester},
  TITLE        = {Pyramid maximum entropy images of {IRAS} survey data},
  JOURNAL      = AA,
  VOLUME     = {294},
  PAGES      = { 1037--1053},
  YEAR         = {1994}
}

@MISC{entropy:burg67,
AUTHOR     = {J.P. Burg},
HOWPUBLISHED  = {Annual Meeting International Society Exploratory Geophysics, 
Reprinted in Modern Spectral Analysis, D.G. Childers, ed., 
IEEE Press, New York, 34--41},
YEAR       = {1978}
}

@INPROCEEDINGS{entropy:charter89,
AUTHOR     = {M.K. Charter},
TITLE      = {Drug absorption in man, and its measurement by {M}ax{E}nt},
BOOKTITLE  = {Maximum Entropy and Bayesian Methods},
PUBLISHER  = {Kluwer},
PAGES      = {325--339},
YEAR       = {1989}
}
 

@BOOK{entropy:frieden75,
AUTHOR     = {B.R. Frieden},
TITLE      = {Image Enhancement and Restoration},
ADDRESS    = {Berlin},
PUBLISHER  = {Springer-Verlag},
YEAR       = {1978}
}

@BOOK{entropy:frieden91,
AUTHOR     = {B.R. Frieden},
TITLE      = {Probability, Statistical Optics, and Data Testing: a problem solving approach},
EDITION    = {Springer-Verlag},
ADDRESS    = {Berlin},
PUBLISHER  = {John Wiley \& Sons},
YEAR       = {1978}
}

@ARTICLE{entropy:jaynes57,
   AUTHOR       = { E.T. Jaynes},
   TITLE        = {Information theory and statistical mechanics},
   JOURNAL      = {Phys. Rev.},
   VOLUME        = {106},
   PAGES         = {171--190},
   YEAR          = {1957}
}

@MANUAL{entropy:gull91,
  AUTHOR       = { S.F. Gull and J. Skilling},
  TITLE        = {MEMSYS5 Quantified Maximum Entropy User's Manual},
  YEAR       = {1991}
}

@ARTICLE{entropy:narrayan86,
  AUTHOR       = {R. Narayan and R. Nityananda},
  TITLE        = {Maximum Entropy Image Restoration in Astronomy},
  JOURNAL      = {Ann. Rev. Astron. Astrophys.},
  VOLUME     = {24},
  PAGES      = {127--170},
  YEAR         = {1986}
}

@ARTICLE{entropy:nunez98,
    author = {J. {Nunez}  and J. {Llacer}},
    title = {Bayesian image reconstruction with space-variant noise suppression},
    journal = {AAS},
    year = 1998,
    month = jul,
    volume = 131,
    pages = {167--180},
    url = {http://cdsads.u-strasbg.fr/cgi-bin/nph-bib_query?bibcode=1998A%26AS..131..167N&db_key=AST},
    adsnote = {Provided by the NASA Astrophysics Data System}
}

@ARTICLE{entropy:puetter95,
  AUTHOR       = {R.C. Puetter},
  TITLE        = {Pixon-based Multiresolution image reconstruction and
  the the quantification of picture information content},
  JOURNAL      = {Int. J. Image Sys \& Tech.},
  VOLUME     = {6},
  PAGES      = {314--331},
  YEAR       = {1986}
}

@ARTICLE{entropy:shore81a,
  AUTHOR       = {J.E. Shore and R.W. Johnson},
  TITLE        = {Properties of Cross-Entropy Minimization},
  JOURNAL      = IT,
  VOLUME     = {26},
  PAGES      = {472--482},
  YEAR       = {1981}
}
@ARTICLE{entropy:shore81b,
  AUTHOR       = {J.E. Shore and R.W. Johnson},
  TITLE        = {Minimum Cross Entropy Spectral Estimation},
  JOURNAL      = ICASSP,
  VOLUME     = {29},
  PAGES      = {230--237},
  YEAR       = {1981}
}
@ARTICLE{entropy:johnson84,

  AUTHOR       = {R.W. Johnson and J.E. Shore},
  TITLE        = {Which is the Better Entropy Expression for Speech Processing:
   -slogs or logs ?},
  JOURNAL      = ICASSP,
  VOLUME     = {32},
  PAGES      = {129--137},
  YEAR       = {1984}
}
@ARTICLE{entropy:djafari98,
  AUTHOR       = {A. Mohammad-Djafari},
  TITLE        = {Entropie en Traitement du Signal},
  JOURNAL      = {Traitement du Signal},
  VOLUME     = {15},
  NUMBER     = {6},
  PAGES      = {545--551},
  YEAR       = {1998}
}
@ARTICLE{entropy:djafari94,
  AUTHOR       = {A. Mohammad-Djafari},
  TITLE        = {Maximum Entropie et Probl\`emes Inverses en Imagerie},
  JOURNAL      = {Traitement du Signal},
  PAGES      = {87--116},
  YEAR       = {1994}
}

@INPROCEEDINGS{entropy:skilling89,
AUTHOR     = {J. Skilling},
TITLE      = {Classic maximum entropy},
BOOKTITLE  = {Maximum Entropy and Bayesian Methods},
PUBLISHER  = {Kluwer},
PAGES      = {45--52},
YEAR       = {1989}
}

@ARTICLE{entropy:titterington85,
  AUTHOR       = {D.M. Titterington},
  TITLE        = {General structure of regularization procedures in image reconstruction},
  JOURNAL      = {AA},
    VOLUME     = {144},
    PAGES      = {381--387},
  YEAR         = {1985}
}

@INPROCEEDINGS{entropy:weir91,
AUTHOR     = {N. Weir},
TITLE      = {Application of maximum entropy techniques to HST data},
BOOKTITLE  = {3rd ESO/ST-ECF Data Analysis Workshop},
ADRESS      = {Garching},
YEAR       = {1991}
}

@INPROCEEDINGS{entropy:weir92,
AUTHOR     = {N. Weir},
TITLE      = { A multi-channel method of maximum entropy image restoration},
BOOKTITLE  = {Astronomical Data Analysis Software and System 1},
EDITOR     = { D.M. Worral and C. Biemesderfer and J. Barnes},
PUBLISHER  = {Astronomical Society of the Pacific},
ADRESS     = {San Francisco},
PAGES      = {186--190},
YEAR       = {1992}
}

@ARTICLE{entropy:thiebault95,
  AUTHOR       = {E. Thiebault and J.-M. Conan},
  TITLE        = {Strict a priori constraints for maximum-likelihood blind deconvolution},
  JOURNAL      = {JOSAA},
  VOLUME     = {12},
  PAGES      = { 485--492},
  YEAR         = {1995}
}

@BOOK{entropy:wu97,
AUTHOR     = {N. Wu},
TITLE      = {The maximum entropy method},
ADDRESS    = {Berlin},
PUBLISHER  = {Springer},
YEAR       = {1997}
}


