@STRING {AA = "Astronomy and Astrophysics."} 
@STRING {AAS = "Astronomy and Astrophysics, Suppl. Ser."}
@STRING{EA = "Experimental Astronomy."}
@STRING{VA = "Vistas Astronomy."}
@STRING{NA = "New Astronomy."}
@STRING{JOSAA = "J.\ Opt.\ Soc.\ Am. A"}
@STRING{PASP = "PASP"}
@STRING{CVGIP = "Computer Vision, Graphics and Image Processing."}

@STRING {TC = "IEEE Transactions on Computers."} 
@STRING{ASSP = "IEEE Transactions on Acoustics, Speech and Signal Processing"}
@STRING{CAS = "IEEE Transactions on Circuit Systems."}
@STRING{COM = "IEEE Tranactions on Communications"}
@STRING{GRS = "IEEE Transactions on Geoscience and Remote Sensing"}
@STRING{ICASSP = "Proc. IEEE Int. Conf. Acoust. Speech., Signal Processing"}
@STRING{IT = "IEEE Transactions on Information Theory"}
@STRING{ITSP = "IEEE Transactions on Signal Processing"}
@STRING{JFr = "J. Franklin Institute"}
@STRING{JOSA = "J. Opt. Soc. Amer."}
@STRING{MJ = "Mathematical Geology."}
@STRING{PAIAA = "Proc Amer Inst Aeronautics And Astronautics 8th Anuu Meeting."}
@STRING{PAMI = "IEEE Transactions on Pattern Analysis and Machine Intelligence."}
@STRING{PERS = "Photogrammetric Engineering and Remote Sensing."}
@STRING{IJRS = "International Journal of Remote Sensing."}
@STRING{IBM = "IBM J. Res. \& Develop."}


@misc{entropy:ables74,
   author    = {J.G. Ables},
   year      = {1974},
   howpublished = {Astronomy and Astrophysics Supplement Series, 15, 383--393}
}


@article{entropy:bontekoe94,
   author    = {Tj.R. Bontekoe and E. Koper and D.J.M. Kester},
   title     = {Pyramid maximum entropy images of IRAS survey data},
   journal   = {AA},
   pages     = {1037--1053},
   year      = {1994},
   volume    = {294}
}


@misc{entropy:burg67,
   author    = {J.P. Burg},
   year      = {1967},
   howpublished = {Annual Meeting International Society Exploratory Geophysics, 
       Reprinted in Modern Spectral Analysis, 1978, D.G. Childers, ed., 
       IEEE Press, New York, 34--41, 1978}
}


@proceedings{entropy:charter89,
   title     = {Drug absorption in man, and its measurement by MaxEnt},
   year      = {1989},
   publisher = {Kluwer},
   author    = {M.K. Charter},
   booktitle = {Maximum Entropy and Bayesian Methods},
   pages     = {325--339}
}


@book{entropy:frieden75,
   author    = {B.R. Frieden},
   title     = {Digital Image Processing},
   year      = {1978},
   publisher = {John Wiley \& Sons},
   address   = {Berlin},
   edition   = {Springer-Verlag}
}


@book{entropy:frieden91,
   author    = {B.R. Frieden},
   title     = {{Digital Image Processing}},
   year      = {1978},
   publisher = {John Wiley \& Sons},
   address   = {Berlin},
   edition   = {Springer-Verlag}
}


@manual{entropy:gull91,
   author    = {S.F. Gull and J. Skilling},
   title     = {MEMSYS5 User's Manual},
   year      = {1991}
}


@misc{entropy:jaynes57,
   author    = {E.T. Jaynes},
   year      = {1957},
   howpublished = {Phys. Rev., 106, 620--630}
}


@article{entropy:narrayan86,
   author    = {R. Narayan and R. Nityananda},
   title     = {Maximum Entropy Image Restoration in Astronomy},
   journal   = {Ann. Rev. Astron. Astrophys.},
   pages     = {127--170},
   year      = {1986},
   volume    = {24}
}


@inproceedings{entropy:skilling89,
   author    = {J. Skilling},
   title     = {Classic maximum entropy},
   booktitle = {Maximum Entropy and Bayesian Methods},
   pages     = {45--52},
   year      = {1989},
   publisher = {Kluwer}
}


@article{entropy:thiebault95,
   author    = {E. Thiebault and J.-M. Conan},
   title     = {Strict a priori constraints for maximum-likelihood blind deconvolution},
   journal   = {JOSAA},
   pages     = {485--492},
   year      = {1995},
   volume    = {12}
}


@article{entropy:titterington85,
   author    = {D.M. Titterington},
   title     = {General structure of regularization procedures in image reconstruction},
   journal   = {AA},
   pages     = {381--387},
   year      = {1985},
   volume    = {144}
}


@inproceedings{entropy:weir91,
   author    = {N. Weir},
   title     = {Application of maximum entropy techniques to HST data},
   booktitle = {3rd ESO/ST-ECF Data Analysis Workshop},
   year      = {1991},
   adress    = {Garching}
}


@inproceedings{entropy:weir92,
   author    = {N. Weir},
   editor    = {D.M. Worral and C. Biemesderfer and J. Barnes},
   title     = {A multi-channel method of maximum entropy image restoration},
   booktitle = {Astronomical Data Analysis Software and System 1},
   pages     = {186--190},
   year      = {1992},
   publisher = {Astronomical Society of the Pacific},
   adress    = {San Francisco}
}


@book{entropy:wu97,
   author    = {N. Wu},
   title     = {The maximum entropy method},
   year      = {1997},
   publisher = {Springer},
   address   = {Berlin}
}


@article{rest:anscombe48,
   author    = {F.J. Anscombe},
   title     = {The transformation of Poisson, binomial and negative-binomial data},
   journal   = {Biometrika},
   pages     = {246--254},
   year      = {1948},
   volume    = {15}
}


@techreport{rest:donoho93_1,
   author    = {D.L. Donoho and I.M. Johnstone},
   title     = {Ideal spatial adaptation by wavelet shrinkage},
   institution = {Stanford University},
   year      = {1993},
   number    = {400}
}


@article{rest:donoho93_2,
   author    = {D.L. Donoho},
   title     = {Nonlinear wavelet methods for recovery of signals, densities, and spectra from indirect and noisy data},
   journal   = {Proceedings of Symposia in Applied Mathematics},
   year      = {1993},
   volume    = {47}
}


@inproceedings{rest:donoho95,
   author    = {D.L. Donoho},
   editor    = {A. Antoniadis and G. Oppenheim},
   title     = {Translation-Invariant De-Noising},
   booktitle = {Wavelets and Statistics},
   year      = {1995},
   publisher = {Springer-Verlag}
}


@article{starck:bij94_1,
   author    = {A. Bijaoui and J.L. Starck  and F. Murtagh},
   title     = {Restauration des Images Multi-Echelles par l'Algorithme \`a Trous},
   journal   = {Traitement du Signal},
   pages     = {11},
   year      = {1994},
   volume    = {3}
}


@book{starck:book98,
   author    = {J.L. Starck and F. Murtagh and A. Bijaoui},
   title     = {Image Processing and Data Analysis: The Multiscale Approach},
   year      = {1998},
   publisher = {Cambridge University Press}
}


@article{starck:ces96,
   author    = {C.J. Cesarsky et all.},
   title     = {ISOCAM in flight},
   journal   = AA,
   pages     = {L32},
   year      = {1996},
   volume    = {315}
}


@article{starck:cru92,
   author    = {P. Cruzal\`ebes, G. Schumacher and J.L. Starck},
   title     = {Model Independent Mapping by Optical Aperture Synthesis. Basic principles and computer simulation},
   journal   = {JOSAA},
   year      = {1992},
   volume    = {9},
   number    = {5}
}


@article{starck:mur95_1,
   author    = {F. Murtagh and J.L. Starck and  A. Bijaoui},
   title     = {Multiresolution in Astronomical Image Processing: A General Framework},
   journal   = {The International Journal of Image Systems and Technology},
   pages     = {332--338},
   year      = {1995},
   volume    = {6}
}


@article{starck:mur95_2,
   author    = {F. Murtagh and J.L. Starck  and A. Bijaoui},
   title     = {Image Restoration  with Noise Suppression Using a Multiresolution Support},
   journal   = AAS,
   pages     = {179-189},
   year      = {1995},
   volume    = {112}
}


@article{starck:mur96_1,
   author    = {F. Murtagh and J.L. Starck and P.F. Honore and  W. Zeilinger},
   title     = {Multiresolution Transforms for Object Detection and for Image Transmission},
   journal   = VA,
   pages     = {595-602},
   year      = {1996},
   volume    = {40},
   number    = {4}
}


@article{starck:mur98_1,
   author    = {F. Murtagh and and J.L. Starck},
   title     = {Pattern Clustering based on Noise Modeling in Wavelet Space},
   journal   = {pattern recognition},
   year      = {1998},
   note      = {to appear}
}


@article{starck:mur98_2,
   author    = {F. Murtagh and J.L. Starck and F. Murtagh and  M. Louys},
   title     = {Very High Quality Image Compression based on Noise Modeling},
   journal   = {Int. Journal of Imaging Systems and Technology},
   year      = {1998},
   note      = {to appear}
}


@article{starck:mur98_3,
   author    = {F. Murtagh and  J.L. Starck},
   title     = {Data Analysis in the
       Physical Sciences based on Multiscale Analysis and Measurement Noise Modeling},
   journal   = {Statistics \& Computing journal},
   year      = {1998},
   note      = {submitted}
}


@article{starck:pan96,
   author    = {E. Pantin and J.L. Starck},
   title     = {Deconvolution of Astronomical Images using the Multiscale Maximum Entropy Method},
   journal   = AAS,
   pages     = {575-585},
   year      = {1996},
   volume    = {315}
}


@phdthesis{starck:phd,
   author    = {J.L. Starck},
   title     = {{Analyse en ondelettes et Haute R\'esolution Angulaire}},
   year      = {1992},
   month     = {{4 D\'ecembre}},
   school    = {{Universit\'e de Nice Sophia Antipolis}}
}


@article{starck:pie98,
   author    = {M. Pierre and J.L. Starck},
   title     = {X-ray structures in galaxy cores},
   journal   = AA,
   year      = {1998},
   note      = {to appear}
}


@techreport{starck:sadam,
   author    = {J.L. Starck},
   title     = {{Syst\`eme d'Analyse de Donn\'ees Astronomiques par Multir\'esolution}},
   institution = {CEA},
   year      = {1995},
   month     = {Mai}
}


@article{starck:sau96,
   author    = {M. Sauvage et all.},
   title     = {ISOCAM Mapping of the Whirlpool Galaxy},
   journal   = AA,
   pages     = {L89},
   year      = {1996},
   volume    = {315}
}


@article{starck:sie96,
   author    = {R. Siebenmorgen et all.},
   title     = {First results from the ISOCAM parallel mode},
   journal   = AA,
   pages     = {L169},
   year      = {1996},
   volume    = {315}
}


@article{starck:sta94_1,
   author    = {J.L. Starck  and F. Murtagh},
   title     = {Image Restoration with Noise Suppression Using the Wavelet Transform},
   journal   = AA,
   pages     = {343-348},
   year      = {1994},
   volume    = {288}
}


@article{starck:sta94_2,
   author    = {J.L. Starck and  and  A. Bijaoui},
   title     = {Multiresolution Deconvolution},
   journal   = JOSAA,
   year      = {1994},
   volume    = {11},
   number    = {4}
}


@article{starck:sta94_3,
   author    = {J.L. Starck and A. Bijaoui and B. Lopez and C. Perrier},
   title     = {Image Reconstruction by the Wavelet Transform Applied to Aperture Synthesis},
   journal   = AA,
   pages     = {349--360},
   year      = {1994},
   volume    = {283}
}


@article{starck:sta94_4,
   author    = {J.L. Starck and A. Bijaoui},
   title     = {Filtering and Deconvolution by the Wavelet Transform},
   journal   = {Signal Processing},
   pages     = {195--211},
   year      = {1994},
   volume    = {35}
}


@article{starck:sta95_1,
   author    = {J.L. Starck and A. Bijaoui and  F. Murtagh},
   title     = {Multiresolution Support Applied to Image Filtering and Deconvolution},
   journal   = {CVGIP: Graphical Models and Image Processing},
   pages     = {420--431},
   year      = {1995},
   volume    = {57}
}


@article{starck:sta96_1,
   author    = {J.L. Starck and E. Pantin},
   title     = {Multiscale Maximum Entropy Images Restoration},
   journal   = VA,
   pages     = {1-6},
   year      = {1996},
   volume    = {40},
   number    = {4}
}


@article{starck:sta96_2,
   author    = {J.L. Starck and F. Murtagh and B. Pirenne and M. Albrecht},
   title     = {Astronomical Image Compression based on Noise Suppression},
   journal   = PASP,
   pages     = {446--455},
   year      = {1996},
   volume    = {108}
}


@article{starck:sta97,
   author    = {J.L. Starck and R. Siebenmorgen and  R. Gredel},
   title     = {{ Spectral Analysis by the Wavelet Transform}},
   journal   = {{Astrophysical Journal}},
   pages     = {1011-1020},
   year      = {1997},
   volume    = {482}
}


@article{starck:sta98_1,
   author    = {J.L. Starck and   M. Pierre},
   title     = {Structure Detection in Low Intensity X-Ray Images},
   journal   = AAS,
   year      = {1998},
   note      = {to appear}
}


@article{starck:sta98_2,
   author    = {J.L. Starck and F. Murtagh and  R. Gastaud},
   title     = {A New Entropy Measure Based on the Wavelet Transform and Noise Modeling},
   journal   = {IEEE Transactions on 
       Circuits and Systems II on Multirate Systems, Filter Banks, Wavelets,
       and Applications},
   year      = {1998},
   note      = {to appear}
}


@article{starck:sta98_3,
   author    = {J.L. Starck and  F. Murtagh},
   title     = {Automatic Noise Estimation from the Multiresolution Support},
   journal   = PASP,
   year      = {1998},
   note      = {to appear}
}


@article{starck:sta98_4,
   author    = {J.L. Starck et al},
   title     = {ISOCAM Data Processing},
   journal   = AA,
   year      = {1998},
   note      = {submitted}
}


@article{wave:adelson87,
   author    = {E.H. Adelson and E. Simoncelli and R. Hingorani},
   title     = {Optimal Image Addition Using the Wavelet Transform},
   journal   = {SPIE Visual Communication and Image Processing II},
   pages     = {50-58},
   year      = {1987},
   volume    = {845}
}


@article{wave:antonini92,
   author    = {M. Antonini and  M. Barlaud and P. Mathieu and I. Daubechies},
   title     = {Image coding using wavelet transform},
   journal   = {IEEE Transactions on Image Processing},
   pages     = {205-220},
   year      = {1992},
   volume    = {1},
   number    = {2}
}


@article{wave:bijaoui91_1,
   author    = {A. Bijaoui and M. Giudicelli},
   title     = {Optimal Image Addition Using the Wavelet Transform},
   journal   = EA,
   pages     = {347-363},
   year      = {1991},
   volume    = {1}
}


@article{wave:bijaoui91_2,
   author    = {A. Bijaoui},
   title     = {Algorithmes de la Transformation en Ondelettes - Applications \`a l'Imagerie  Astronomique},
   journal   = {Cours CEA/EDF/INRIA},
   year      = {1991},
   month     = {June}
}


@book{wave:chui92,
   author    = {C.H. Chui},
   title     = {Wavelet Analysis and Its Applications},
   year      = {1992},
   publisher = {Academic Press}
}


@article{wave:cohen92,
   author    = {A.  Cohen and I. Daubechies and J.C. Feauveau},
   title     = {Biorthogonal bases of compactly  supported wavelets},
   journal   = {Communications in Pure and  Applied Mathematics},
   pages     = {485--560},
   year      = {1992},
   volume    = {45}
}


@article{wave:daube88,
   author    = {I. Daubechies},
   title     = {Orthogonal bases of compactly supported wavelets},
   journal   = {Communications in Pure and  Applied Mathematics},
   pages     = {909--996},
   year      = {1988},
   volume    = {41}
}


@article{wave:daube92,
   author    = {I. Daubechies},
   title     = {Ten lectures on Wavelets},
   journal   = {Society for Industrial and Applied Mathematics (SIAM), Philadelphia},
   year      = {1992}
}


@phdthesis{wave:feauveau,
   author    = {J.C. Feauveau},
   title     = {Analyse multir\'esolution par ondelettes non-orthogonales et bancs de filtres num\'eriques},
   year      = {1990},
   school    = {Universit\'e Paris Sud}
}


@incollection{wave:grossmann89,
   author    = {A. Grossmann and R. Kronland-Martinet and J. Morlet},
   editor    = {J.M. Combes. and  A. Grossmann. and Ph. Tchamitchian},
   title     = {Reading and Understanding Continuous Wavelet transform},
   pages     = {2-20},
   year      = {1989},
   publisher = {Springer Berlin},
   booktitle  = {Wavelets: Time-Frequency Methods and Phase-Space}
}


@inbook{wave:hol89,
   author    = {M. Holdschneider and R. Kronland-Martinet and J. Morlet and P. Tchamitchian},
   title     = {{Wavelets: Time-Frequency Methods and Phase-Space}},
   chapter   = {{A Real-Time Algorithm for Signal Analysis with the Help of the Wavelet Transform}},
   pages     = {286-297},
   year      = {1989},
   publisher = {Springer Berlin}
}


@book{wave:ruskai92,
   author    = {M.M. Ruskai and G. Beylkin and R. Coifman and  I. Daubechies and S. Mallat and  Y. Meyer and  L. Raphael},
   title     = {Wavelets and Their Applications},
   year      = {1992},
   publisher = {Jones and Barlett}
}


@article{wave:shensa92,
   author    = {M.J. Shensa},
   title     = {Discrete wavelet transforms: wedding  the \`a trous and Mallat algorithms},
   journal   = {IEEE Transactions on Signal Processing},
   year      = {1992}
}

