 @STRING {AA = "Astronomy and Astrophysics."} 
@STRING{CVGIP = "CVGIP: Graphical Models and Image Processing."}
@STRING{EA = "Experimental Astronomy."}

@ARTICLE{ima:olsen93,
AUTHOR     = {S.I. Olsen},
TITLE      = {Estimation of Noise in Images: An Evaluation},
JOURNAL    = {CVGIP},
VOLUME     = {55},
PAGES      = {319--323},
YEAR       = {1993}
}

@BOOK{ima:aczel75,
AUTHOR     = {Aczel and Daroczy},
PUBLISHER  = {Academic Press},
TITLE      = {On Measures of Information and their Characterizations},
YEAR       = {1978}
}

@BOOK{ima:pratt78,
AUTHOR     = {W.K. Pratt},
PUBLISHER  = {Wiley},
TITLE      = {Digital Image Processing},
YEAR       = {1978}
}

@BOOK{ima:pratt91,
AUTHOR     = {W.K. Pratt},
EDITION    = {A Wiley-Interscience Publication},
PUBLISHER  = {John Wiley \& Sons},
TITLE      = {Digital Image Processing},
YEAR       = {1991}
}

@BOOK{ima:mallat98,
AUTHOR     = {S. Mallat},
PUBLISHER  = {Academic Press},
TITLE      = {A Wavelet Tour of Signal Processing},
YEAR       = {1998}
}

@BOOK{ima:katsa93,
AUTHOR     = {A.K. Katsaggelos},
PUBLISHER  = {Springer-Verlag},
TITLE      = {Digital Image Processing},
YEAR       = {1993}
}

@BOOK{ima:gonzalez93,
AUTHOR     = {R. C. Gonzalez},
PUBLISHER  = {Addison-Wesley},
TITLE      = {Digital Image Processing},
YEAR       = {1993}
}

@BOOK{ima:jain89,
AUTHOR     = {A. K. Jain},
TITLE      = {Fundamentals of Digital Image Processing},
PUBLISHER  = {Prentice Hall},
YEAR       = {1990}
}

@BOOK{ima:bijaoui84,
AUTHOR     = {A. Bijaoui},
TITLE      = {Introduction au Traitement Num\'erique des Images},
PUBLISHER  = {Masson},
ADDRESS    = {Paris},
YEAR       = {1984}
}

@ARTICLE{ima:bijaoui79,
AUTHOR     = {A. Bijaoui and V. Doazan},
TITLE      = {Analysis of Rapid Variations in the Spectra of $\alpha${C}ol by Cross Correlation},
JOURNAL    = {AA},
VOLUME     = {70},
PAGES      = {285--291},
YEAR       = {1984}
}

@ARTICLE{ima:bijaoui95,
AUTHOR     = {A. Bijaoui and F. Ru\'e},
TITLE      = {A Multiscale Vision Model adapted to  Astronomical Images},
JOURNAL    = {Signal Processing},
VOLUME     = {46},
PAGES      = {229--243},
YEAR       = {1995}
}

@BOOK{ima:MIDAS,
AUTHOR     = {ESO},
TITLE      = {MIDAS, Munich Image Data Analysis System},
PUBLISHER  = {European Southern Observatory},
YEAR       = {1995}
}

@BOOK{ima:Richter,
EDITOR     = {G. Richter},
TITLE      = {IAU Commission 9 Working Group on Sky Surveys Newsletter},
PUBLISHER  = {AIP Potsdam},
YEAR       = {1998}
}

@ARTICLE{ima:rue97,
AUTHOR     = {F. Ru\'e and A. Bijaoui},
TITLE      = {A Multiscale Vision Model to Analyse Field Astronomical Images},
JOURNAL    = {Experimental Astronomy},
VOLUME     = {7},
NUMBER     = {3},
PAGES      = {129--160},
YEAR       = {1997}
}


@ARTICLE{ima:shannon48,
  AUTHOR       = {C.E. Shannon},
  TITLE        = {A Mathematical Theory for Communication},
  JOURNAL      = {Bell System Tech J. },
    VOLUME     = {27},
    PAGES      = {379--423},
  YEAR         = {1948}
}

@MISC{ima:karhunen47,
  AUTHOR       = {H. Karhunen},
  HOWPUBLISHED = {English translation by I. Selin, 
   ``On Linear Methods in Probability Theory'', 
    The Rand Corporation, Doc. T-131, August 11, 1960},
  YEAR         = {1947}
}

@MISC{ima:loeve48,
  AUTHOR       = {M. Lo\`eve},
  HOWPUBLISHED = {Fonctions Al\'eatoires de Second Ordre, in P. Levy, 
             Processus Stochastiques et Mouvement Bownien, Hermann, Paris},
    YEAR         = {1948}
}

@ARTICLE{ima:hotelling33,
  AUTHOR       = {H. Hotelling},
  TITLE        = {Analysis  of a complex of Statistical Variables into Principal Components},
  JOURNAL      = {J. Educ. Psychol. },
  VOLUME     = {24},
  PAGES      = {417--441, 498--520},
  YEAR         = {1933}
}


