@STRING{GRS = "IEEE Transactions on Geoscience and Remote Sensing"}
@STRING{JOSAA = "Journal of the  Optical Society of  America A"}
@STRING{JOSA = "Journal of the  Optical Society of  America"}
@STRING{ITSP = "IEEE Transactions on Signal Processing"}
@STRING{ITIP = "IEEE Transactions on Image Processing"}
@STRING{VA = "Vistas in Astronomy"}
@STRING {AJ = "Astrophysical Journal"}


@ARTICLE{rest:anscombe48,
AUTHOR     = {F.J. Anscombe},
TITLE      = {The transformation of {P}oisson, binomial and negative-binomial data},
JOURNAL    = {Biometrika},
VOLUME     = {15},
PAGES      = {246--254},
YEAR       = {1948}
}

@ARTICLE{rest:bijaoui97,
AUTHOR     = {A. Bijaoui and Y. Bobichon and Y. Fang  and F. Ru\'e},
TITLE      = {M\'ethodes multi\'echelles appliqu\'ees \`a l'analyse des images radar \`a ouverture synth\'etique},
JOURNAL    = {Traitement du Signal},
VOLUME     = {14},
NUMBER     = {2},
PAGES      = {179--193},
YEAR       = {1997}
}

@ARTICLE{rest:blancferaud96,
  AUTHOR       = {L. Blanc-F\'eraud and M. Barlaud},
  JOURNAL      = VA,
  PAGES        = {531-538},
  TITLE        = {Edge Preserving Restoration of Astrophysical Images},
  VOLUME       = {40},
  NUMBER       = {4},
  YEAR         = {1996}
}

@ARTICLE{rest:brette96,
  AUTHOR       = {S. Brette and J. Idier},
  JOURNAL      = {Proceedings of IEEE ICIP},
  PAGES        = {65--68},
  TITLE        = {Optimized single site update algorithms for image deblurring},
  YEAR         = {1996}
}

@ARTICLE{rest:chambolle98,
AUTHOR     = {A. Chambolle and R.A. DeVore and N. Lee and B.J. Lucier},
TITLE      = {Nonlinear wavelet image processing: Variational problems, compression, 
and noise removal through wavelet shrinkage},
JOURNAL    = ITSP,
VOLUME     = {7},
NUMBER     = {3},
PAGES      = {319--335},
YEAR       = {1998}
}

@INPROCEEDINGS{rest:cornwell88,
AUTHOR     = {T.J. Cornwell},
TITLE      = {Image restoration},
BOOKTITLE  = {Diffraction-Limited Imaging with Very Large Telescopes},
EDITOR     = {D.M. Alloin and J.M. Mariotti},
PUBLISHER  = {Kluwer},
ADDRESS    = {Dordrecht},
YEAR       = {1989}
}


@INPROCEEDINGS{rest:dainty75,
AUTHOR     = {J.C. Dainty},
TITLE      = {Laser speckle and related phenomena},
BOOKTITLE  = {Topics in Applied Physics},
PUBLISHER  = {Springer-Verlag},
VOLUME     = {9},
ADDRESS    = {Berlin},
YEAR       = {1975}
}

@ARTICLE{rest:demoment89,
  AUTHOR       = {G. Demoment},
  JOURNAL      = {IEEE Transactions on Acoustics Speach and Signal Processing},
  PAGES        = {2024--2036},
  TITLE        = {Image Reconstruction and Restoration: Overview of common estimation structures and problems},
  VOLUME       = {37},
  NUMBER       = {12},
  YEAR         = {1989}
}

@ARTICLE{rest:frances95,
AUTHOR     = {G. Franceschetti and V. Pascazio and G. Schirinzi},
TITLE      = { Iterative homomorphic technique for speckle reduction in synthetic aperture radar imaging},
JOURNAL    = JOSAA,
VOLUME     = {12},
NUMBER     = {2},
PAGES      = {686--694},
YEAR       = {1995}
}


@ARTICLE{rest:galatsanos92,
AUTHOR     = {N.P. Galatsanos and A.K. Katsaggelos},
TITLE      = {Methods for choosing the regularization parameter and estimating the noise variance 
              in image restoration and their relation},
JOURNAL    = {IEEE Transactions on Image Processing},
VOLUME     = {1},
PAGES      = {322--336},
YEAR       = {1992}
}

@ARTICLE{rest:geman84,
  AUTHOR       = {S. Geman and D. Geman},
  JOURNAL      = {IEEE Transactions on Pattern Analysis and Machine Intelligence},
  PAGES        = {721--741},
  TITLE        = {Stochastic relaxation, {G}ibbs distributions and the {B}ayesian restoration of images},
  VOLUME       = {6},
  NUMBER       = {6},
  YEAR         = {1984}
}

@ARTICLE{rest:geman92,
  AUTHOR       = {D. Geman and G. Reynolds},
  JOURNAL      = {IEEE Transactions on Pattern Analysis and Machine Intelligence},
  PAGES        = {367--383},
  TITLE        = {Constrained Restoration and the Recovery of Discontinuities},
  VOLUME       = {14},
  NUMBER       = {3},
  YEAR         = {1992}
}


@ARTICLE{rest:golub79,
AUTHOR     = {G.H. Golub and M. Heath and and G. Wahba},
TITLE      = {Generalized cross-validation as a method for choosing a good ridge parameter},
JOURNAL    = {Technometrics},
VOLUME     = {21},
PAGES      = {215--223},
YEAR       = {1979}
}
 
@ARTICLE{rest:hogbom74,
AUTHOR     = {J.A. H\"ogbom},
TITLE      = {Aperture synthesis with a non-regular distribution of interferometer baselines},
JOURNAL    = {Astronomy and  Astrophysics  Supplement Series},
VOLUME     = {15},
PAGES      = {417--426},
YEAR       = {1974}
}
 
@TECHREPORT{rest:donoho93_1,
AUTHOR     = {D.L. Donoho and I.M. Johnstone},
TITLE      = {Ideal spatial adaptation by wavelet shrinkage},
INSTITUTION = {Stanford University},
NUMBER = {400},
YEAR       = {1993}
}

@ARTICLE{rest:donoho93_2,
AUTHOR     = {D.L. Donoho},
TITLE      = {Nonlinear wavelet methods for recovery of signals, densities, and spectra from indirect and noisy data},
JOURNAL     = {Proceedings of Symposia in Applied Mathematics},
VOLUME     = {47},
YEAR       = {1993}
}

@misc{rest:neelamani99,
   author =  {R. Neelamani}, 
   TITLE  = {Wavelet-Based Deconvolution for Ill-Conditionned Systems},
   howpublished = {M.S. thesis, Dept. of ECE, Rice Univ., in {\em www-dsp.ric.edu/publictions}},
   year =       {1999}
}

@PHDTHESIS{rest:kalifa99,
  AUTHOR       = {J. Kalifa},
  MONTH        = {5 May},
  SCHOOL       = {Ecole Polytechnique},
  TITLE        = {Restauration minimax et d\'econvolution dans une base d'ondelettes miroir},
  YEAR         = {1999}
}

@INPROCEEDINGS{rest:donoho95,
AUTHOR     = {D.L. Donoho},
TITLE      = {Translation-Invariant De-Noising},
BOOKTITLE  = {Wavelets and Statistics},
EDITOR     = {A. Antoniadis and G. Oppenheim},
PUBLISHER  = {Springer-Verlag},
YEAR       = {1995}
}

@ARTICLE{rest:donoho95b,
AUTHOR     = {D.L. Donoho},
TITLE      = {Nonlinear Solution off Inverse Problems by Wavelet-Vaguelette Decomposition},
JOURNAL     = {App. Comp. Harmonic Anal.},
VOLUME     = {2},
PAGES      = {101--126},
YEAR       = {1995}
}

@ARTICLE{rest:hoekman91,
AUTHOR     = {D..H. Hoekman},
TITLE      = {Speckle ensemble statistics of logarithmically scaled data},
JOURNAL    = GRS,
VOLUME     = {29},
PAGES      = {180--184},
YEAR       = {1991}
}

@ARTICLE{rest:hunt94,
AUTHOR     = {B.R. Hunt},
TITLE      = {Prospects for Image Restoration},
JOURNAL    = {Int. Journal of Modern Physics C},
VOLUME     = {5},
NUMBER     = {1},
PAGES      = {151--178},
YEAR       = {1994}
}


@ARTICLE{rest:idier96,
AUTHOR     = {F. Champagnat and Y. Goussard and J. Idier},
TITLE      = {Unsupervised Deconvolution of Sparse Spike Trains Using Stochastic Approximation},
JOURNAL    = ITIP,
VOLUME     = {44},
NUMBER     = {12},
PAGES      = {2988--2997},
YEAR       = {1996}
}
@ARTICLE{rest:kaaresen97,
AUTHOR     = {K.F. Kaaresen},
TITLE      = {Deconvolution of Sparse Spike Trains by Iterated Window Maximization},
JOURNAL    = ITIP,
VOLUME     = {45},
NUMBER     = {5},
PAGES      = {1173--1183},
YEAR       = {1997}
}


@ARTICLE{rest:jansson68,
AUTHOR     = {P.A. Jansson and R.H. Hunt and E.K. Peyler}, 
TITLE      = {Resolution Enhancement of Spectra},
JOURNAL    = JOSA, 
VOLUME     = {60},
PAGES      = {596--599},
YEAR       = {1970}
}

@BOOK{rest:katsaggelos91,
AUTHOR     = {A. K. Katsaggelos},
PUBLISHER  = {Springer-Verlag},
TITLE      = {Digital Image Restoration},
ADDRESS    = {Berlin},
YEAR       = {1991}
}

@InProceedings{rest:krim92,
  title =        "{M}ultiscale detection of nonstationary signals",
  booktitle =    "Time-Frequency and Time-Scale Analysis",
  organization = "IEEE Signal Processing Society",
  year =         "1992",
  pages =        "105--108",
  address =      "Victoria, B.C., Canada",
  author =       "H. Krim and K. Drouiche and J. C. Pesquet"
}

@ARTICLE{rest:landweber51,
AUTHOR     = {L. Landweber},
TITLE      = {An iteration formula for {F}redholm integral equations of the first kind},
JOURNAL    = {American Journal of Mathematics},
VOLUME     = {73},
PAGES      = {615--624},
YEAR       = {1951}
}

@ARTICLE{rest:lannes87,
AUTHOR     = {A. Lannes and S. Roques}, 
TITLE      = {Resolution and Robustness in Image Processing: a new regularization principle},
JOURNAL    = JOSA, 
VOLUME     = {4},
NUMBER     = {1},
YEAR       = {1987}
}

@INPROCEEDINGS{rest:llacer90,
AUTHOR     = {J. Llacer and J. N\'u{\~n}ez},
TITLE      = {Iterative maximum  likelihood estimator and {B}ayesian
              algorithms for image reconstruction in astronomy},
BOOKTITLE  = {The Restoration of HST Images and Spectra},
EDITOR     = {R.L. White and R.J. Allen},
PUBLISHER  = {Space Telescope Science Institute},
ADDRESS    = {Baltimore},
YEAR       = {1990}
}

@INPROCEEDINGS{rest:lorenz93,
AUTHOR     = {H. Lorenz and G.M. Richter},
TITLE      = {Adaptive filtering of {HST} images: 
             preprocessing for deconvolution},  
BOOKTITLE  = {Science with the Hubble Space Telescope}, 
EDITOR     = {P. Benvenuti and E. Schreier}, 
PUBLISHER  = {European Southern Observatory },
ADDRESS    = {Garching},
PAGES      = {203--206}, 
 YEAR      = {1993}
}

@ARTICLE{rest:lucy74,
AUTHOR     = {L. B. Lucy},
TITLE      = {An iteration technique for the rectification of observed distributions},
JOURNAL     = {Astronomical Journal},
VOLUME     = {79},
PAGES      = {745--754},
YEAR       = {1974}
}

@ARTICLE{rest:magain98,
AUTHOR     = {P. Magain and F. Courbin and S. Sohy},
TITLE      = {Deconvolution with Correct Sampling},
JOURNAL     = AJ,
VOLUME     = {494},
PAGES      = {472},
YEAR       = {1998}
}

@ARTICLE{rest:molina93,
AUTHOR     = {R. Molina},
TITLE      = {On the hierarchical {B}ayesian approach to 
image restoration. {Applications} to astronomical images},
JOURNAL     = { IEEE Transactions on Pattern Analysis and Machine Intelligence},
VOLUME     = {16},
PAGES      = {1122--1128},
YEAR       = {1994}
}

% introduce priors for wavelet coeff denoising
@ARTICLE{rest:moulin99,
AUTHOR     = {P. Moulin and J. Liu},
TITLE      = {Analysis of Multiresolution Image Denoising Schemes Using
              Generalized Gaussian and Complexity Priors}, 
JOURNAL    = IT,
VOLUME     = {45},
PAGES      = {909--919},
YEAR       = {1999}
}


@ARTICLE{rest:richardson72,
AUTHOR     = {W.H. Richardson},
TITLE      = {Bayesian-based iterative method of image restoration},
JOURNAL     = {Journal of the Optical Society of America},
VOLUME     = {62},
PAGES      = {55--59},
YEAR       = {1972}
}

@ARTICLE{rest:slezak93,
AUTHOR     = {E. Slezak and V. de Lapparent and A. Bijaoui},
TITLE      = {Objective detection of voids and high-density structures in the first {C}f{A} redshift survey slice},
JOURNAL    = {Astrophysical Journal},
VOLUME     = {409},
NUMBER     = {2},
PAGES      = {517--529},
YEAR       = {1993}
}

@ARTICLE{rest:slezak94,
AUTHOR     = {E. Slezak and  F. Durret and  D. Gerbal},
TITLE      = {A wavelet analysis search for substructures in eleven {X}-ray clusters of galaxies},
JOURNAL    = {Astrophysical Journal},
VOLUME     = {108},
NUMBER     = {6},
PAGES      = {1996--2008},
YEAR       = {1994}
}

@ARTICLE{rest:shepp82,
AUTHOR     = {L.A. Shepp and Y. Vardi},
TITLE      = {Maximum likelihood reconstruction for emission tomography},
JOURNAL     = {IEEE Transactions on Medical Imaging},
VOLUME     = {MI-1},
PAGES      = {113--122},
YEAR       = {1982}
}
 
@ARTICLE{rest:tikhonov77,
AUTHOR     = { A.N. Tikhonov and A.V. Goncharski and V.V. Stepanov and I.V. Kochikov},
TITLE      = { Ill-posed image processing problems},
JOURNAL    = {Soviet Physics -- Doklady},
VOLUME     = {32},
PAGES      = {456--458},
YEAR       = {1987}
}

@ARTICLE{rest:vancittert31,
AUTHOR     = {P.H. Van Cittert},
TITLE      = {Zum {E}influ\ss \ der {S}paltbreite auf
               die {I}ntensit\"atsverteilung in {S}pektrallinien II},
JOURNAL    = {Zeitschrift f\"ur Physik},
VOLUME     = {69},
PAGES      = {298--308},
YEAR       = {1931}
}

@ARTICLE{rest:wakker88,
AUTHOR     = {B.P. Wakker and U.J. Schwarz},
TITLE      = {The Multi-Resolution {C}lean
and its application to the short-spacing problem in interferometry},
JOURNAL    = {Ann. Rev. Astron. Astrophys.},
VOLUME     = {200},
PAGES      = {312},
YEAR       = {1988}
}
 
