@STRING {AA = "Astronomy and Astrophysics"} 
@STRING {AAS = "Astronomy and Astrophysics, Suppl. Ser."}
@STRING{EA = "Experimental Astronomy"}
@STRING{VA = "Vistas in Astronomy"}
@STRING{NA = "New Astronomy"}
@STRING{JOSAA = "Journal of the  Optical Society of  America A"}
@STRING{PASP = "Publications of the Astronomical Society of the Pacific"}
@STRING{STECF = "ST-ECF Newsletter"}
@STRING {AJ = "Astrophysical Journal"}

@STRING{CVGIP = "Computer Vision, Graphics and Image Processing."}
@STRING {TC = "IEEE Transactions on Computers."} 
@STRING{ASSP = "IEEE Transactions on Acoustics, Speech and Signal Processing"}
@STRING{CAS = "IEEE Transactions on Circuit Systems."}
@STRING{COM = "IEEE Tranactions on Communications"}
@STRING{GRS = "IEEE Transactions on Geoscience and Remote Sensing"}
@STRING{ICASSP = "Proc. IEEE Int. Conf. Acoust. Speech., Signal Processing"}
@STRING{IT = "IEEE Transactions on Information Theory"}
@STRING{ITSP = "IEEE Transactions on Signal Processing"}
@STRING{ITIP = "IEEE Transactions on Image Processing"}
@STRING{JFr = "J. Franklin Institute"}
@STRING{JOSA = "J. Opt. Soc. Amer."}
@STRING{MJ = "Mathematical Geology."}
@STRING{PAIAA = "Proc Amer Inst Aeronautics And Astronautics 8th Anuu Meeting."}
@STRING{PAMI = "IEEE Transactions on Pattern Analysis and Machine Intelligence."}
@STRING{PERS = "Photogrammetric Engineering and Remote Sensing."}
@STRING{IJRS = "International Journal of Remote Sensing."}
@STRING{IBM = "IBM J. Res. \& Develop."}
@STRING{SP = "Signal Processing"}
@STRING{ARAA = "Annual Review of Astronomy and Astrophysics"}
@STRING {JASA = "Journal of the American Statistical Association"}
@string {IEEETSP = "IEEE Trans. on Signal Process."}
@string {IEEETCSVT = "IEEE Trans. on Circ. and Syst. for Video Tech."}


@book{starck:book98,
   author =  	{J.L. Starck and F. Murtagh and A. Bijaoui},
   title =  	{Image Processing and Data Analysis: The Multiscale Approach},
   publisher =  {Cambridge University Press},
   address    =  {Cambridge (GB)},
   year =  	{1998}
}

@misc{starck:mr1_98,
   author =     {MR/1}, 
   howpublished = {Multiresolution Image and Data Analysis Software Package, Version 2.0, Multi Resolutions Ltd., 
    (http://ourworld.computeserve.com/homepages/multires).},
   year =       {1998}
}

@misc{starck:mr1_99,
   author =     {MR/1}, 
   howpublished = {Multiresolution Image and Data Analysis Software Package, Version 2.0, Multi Resolutions Ltd., 
    (http://www.multiresolution.com)},
   year =       {1999}
}


@PHDTHESIS{starck:phd,
  AUTHOR       = {J.L. Starck},
  MONTH        = {4 December},
  SCHOOL       = {Universit\'e de Nice Sophia Antipolis},
  TITLE        = {Analyse en ondelettes et Haute R\'esolution Angulaire},
  YEAR         = {1992}
}

@ARTICLE{starck:elbaz99,
AUTHOR     = {D. Elbaz and C.J. Cesarsky and D. Fadda and H. Aussel 
and F.X. D\'esert and A. Franceschini and H. Flores and M. Harwit
and J.L. Puget and J.L. Starck and L. Danese and D.C. Koo and R. Mandolesi},
JOURNAL    =  AA,
TITLE      = {Source Counts from 15 micron ISOCAM Deep Surveys},
YEAR       = {1999},
NOTE       = {submitted}
}

@ARTICLE{starck:sta99_5,
AUTHOR     = {J.L. Starck and F. Murtagh and F. Bonnarel and S. Couvidat},
JOURNAL    = {IEEE Transaction on Information Theory},
TITLE      = {Multiscale Entropy},
YEAR       = {1999},
NOTE       = {submitted}
}

@ARTICLE{starck:sta99_3,
AUTHOR     = {J.L. Starck and F. Murtagh},
JOURNAL    = {Image and Vision Computing},
TITLE      = {Image Filtering from Multiple Vision Model Combination},
YEAR       = {1999},
NOTE       = {submitted}
}


@ARTICLE{starck:altieri99,
AUTHOR     = {B. Altieri and  L. Metcalfe and J. Blommaert and D. Elbaz and J.-L. Starck and H. Aussel},
JOURNAL    = EA,
TITLE      = {Ultimate sensitivity with {ISOCAM}},
YEAR       = {1999},
NOTE       = {submitted}
}


@ARTICLE{starck:claret99,
AUTHOR     = {A. Claret and H. Dzitko and J. Engelmann and J.-L. Starck},
JOURNAL    = EA,
TITLE      = {Glitch effects in {ISOCAM} Detectors},
YEAR       = {1999},
NOTE       = {in press}
}


@ARTICLE{starck:mur99_2,
AUTHOR     = {F. Murtagh and J.L. Starck},
TITLE      = {Overcoming the Curse of Dimensionality
              in Clustering by means of the Wavelet Transform},
JOURNAL    = {Computer Journal},
YEAR       = {1999},
NOTE       = {submitted}
}


@ARTICLE{starck:sta99_4,
AUTHOR     = {J.L. Starck and H. Aussel and D. Elbaz and D. Fadda and C. Cesarsky},
TITLE      = {Faint source detection in {ISOCAM} images},
JOURNAL    = AAS,
VOLUME     = {138},
PAGES      = {365--379},
YEAR       = {1999} 
}

@ARTICLE{starck:gonghui99,
AUTHOR     = {Z. Gonghuiand and J.L. Starck and J. Campbell  and F. Murtagh},
JOURNAL    = {Journal of Computational Intelligence in Finance},
TITLE      = {The Wavelet Transform for Filtering Financial Data Streams},
VOLUME     = {7},
NUMBER     = {3},
YEAR       = {1999}
}

@ARTICLE{starck:more99,
AUTHOR     = {M. Morehart and F. Murtagh and J.L. Starck},
JOURNAL    = {International Journal of Geographical Information Science},
TITLE      = {Spatial Representation of
Economic and Financial Measures Used in Agriculture Via Wavelet Analysis},
VOLUME     = {13},
NUMBER     = {6},
PAGES      = {557--576},
YEAR       = {1999}
}

@ARTICLE{starck:louys99,
AUTHOR     = {M. Louys and J.-L. Starck and S. Mei and  F. Bonnarel and F. Murtagh},
JOURNAL    = AAS,
TITLE      = {Astronomical Image Compression},
VOLUME     = {136},
PAGES      = {579--590},
YEAR       = {1999}
}

@ARTICLE{starck:sta99_2,
AUTHOR     = {J.L. Starck and F. Murtagh},
JOURNAL    = SP,
TITLE      = {Multiscale Entropy Filtering},
VOLUME     = {76},
NUMBER     = {2},
PAGES      = {147--165},
YEAR       = {1999}
}

@ARTICLE{starck:sta99_1,
AUTHOR     = {J.L. Starck and A. Abergel and H. Aussel and  
M. Sauvage and R. Gastaud and A. Claret and X. Desert and
C. Delattre and E. Pantin},
JOURNAL    = AAS,
TITLE      = {{ISOCAM} Data Processing},
VOLUME     = {134},
PAGES      = {135-148},
YEAR       = {1999}
}

@ARTICLE{starck:aussel99,
AUTHOR     = {H. Aussel and D. Elbaz and C. Cesarsky and  J.L. Starck},
JOURNAL    = AA,
TITLE      = {{ISOCAM} observations of the Hubble Deep Field with the {PRETI} method},
VOLUME     = {342},
PAGES      = {313-336},
YEAR       = {1999},
}

@ARTICLE{starck:mur99_1,
AUTHOR     = {F. Murtagh and  J.L. Starck},
JOURNAL    = {Statistics \& Computing journal},
TITLE      = {Image Processing through Multiscale Analysis and Measurement Noise Modeling},
YEAR       = {1999},
NOTE       = {in press}
}


@ARTICLE{starck:sta98_3,
AUTHOR     = {J.L. Starck and  F. Murtagh},
JOURNAL    =  PASP,
TITLE      = {Automatic Noise Estimation from the Multiresolution Support},
VOLUME     = {110},
NUMBER     = {744},
PAGES      = {193-199},
YEAR       = {1998}
}

@ARTICLE{starck:sta98_2,
AUTHOR     = {J.L. Starck and F. Murtagh and  R. Gastaud},
JOURNAL    = {\textnormal{Special Issue on Multirate Systems, Filter Banks, Wavelets, and Applications of} IEEE Transactions on CAS II},
TITLE      = {A New Entropy Measure Based on the Wavelet Transform and Noise Modeling},
VOLUME     = {45},
NUMBER     = {8},
YEAR       = {1998}
}

@ARTICLE{starck:mur98_2,
AUTHOR     = {F. Murtagh and J.L. Starck and M. Louys},
JOURNAL    = {International Journal of Imaging Systems and Technology},
TITLE      = {Very High Quality Image Compression based on Noise Modeling},
VOLUME     = {9},
PAGES      = {38--45},
YEAR       = {1998}
}

@ARTICLE{starck:sta98_1,
AUTHOR     = {J.L. Starck and  M. Pierre},
JOURNAL    =  AAS,
TITLE      = {Structure Detection in Low Intensity {X}-Ray Images},
VOLUME     = {128},
YEAR       = {1998}
}

@ARTICLE{starck:pie98,
AUTHOR     = {M. Pierre and J.L. Starck},
JOURNAL    =  AA,
TITLE      = {X-ray structures in galaxy cores},
VOLUME     = {128},
NUMBER     = {3},
PAGES      = {801--818},
YEAR       = {1998}
}

@ARTICLE{starck:mur98_1,
AUTHOR     = {F. Murtagh and J.L. Starck},
JOURNAL    = {Pattern Recognition},
TITLE      = {Pattern Clustering based on Noise Modeling in Wavelet Space},
VOLUME     = {31},
NUMBER     = {7},
PAGES     = {847--855},
YEAR       = {1998}
}
 
@ARTICLE{starck:sta97,
AUTHOR     = {J.L. Starck and R. Siebenmorgen and  R. Gredel},
JOURNAL    = AJ, 
PAGES      = {1011-1020},
TITLE      = {Spectral Analysis by the Wavelet Transform},
VOLUME     = {482},
YEAR       = {1997}
}

@ARTICLE{starck:ces96,
AUTHOR     = {C.J. Cesarsky and A. Abergel and P. Agnese and others},
JOURNAL    = AA,
PAGES      = {L32},
TITLE      = {{ISOCAM} in flight},
VOLUME     = {315},
YEAR       = {1996}
}

@ARTICLE{starck:sie96,
AUTHOR     = {R. Siebenmorgen et all.},
JOURNAL    = AA,
PAGES      = {L169},
TITLE      = {First results from the {ISOCAM} parallel mode},
VOLUME     = {315},
YEAR       = {1996}
}

@ARTICLE{starck:sau96,
AUTHOR     = {M. Sauvage et all.},
JOURNAL    = AA,
PAGES      = {L89},
TITLE      = {{ISOCAM} Mapping of the Whirlpool Galaxy },
VOLUME     = {315},
YEAR       = {1996}
}

@ARTICLE{starck:pan96,
AUTHOR     = {E. Pantin and J.L. Starck},
JOURNAL    = AAS,
PAGES      = {575-585},
TITLE      = {Deconvolution of Astronomical Images using the Multiscale Maximum Entropy Method},
VOLUME     = {315},
YEAR       = {1996}
}

@ARTICLE{starck:sta96_1,
AUTHOR     = {J.L. Starck and E. Pantin},
JOURNAL    = VA,
PAGES      = {1-6},
TITLE      = {Multiscale Maximum Entropy Images Restoration},
VOLUME     = {40},
NUMBER     = {4},
YEAR       = {1996}
}

@ARTICLE{starck:mur96_1,
AUTHOR     = {F. Murtagh and J.L. Starck and P.F. Honore and  W. Zeilinger},
JOURNAL    = VA,
PAGES      = {595-602},
TITLE      = {Multiresolution Transforms for Object Detection and for Image Transmission},
VOLUME     = {40},
NUMBER     = {4},
YEAR       = {1996}
}


@ARTICLE{starck:sta96_2,
AUTHOR     = {J.L. Starck and F. Murtagh and B. Pirenne and M. Albrecht},
JOURNAL    = PASP,
PAGES      = {446--455},
TITLE      = {Astronomical Image Compression based on Noise Suppression},
VOLUME     = {108},
YEAR       = {1996}
}

@ARTICLE{starck:sta96_3,
AUTHOR     = {J.L. Starck and F. Murtagh and  D. Durand},
JOURNAL    = {NASA Science Information Systems Newsletter},
NUMBER     = {39},
TITLE      = {New Results in Astronomical Image Compression},
VOLUME     = {2},
YEAR       = {1996}
}


@ARTICLE{starck:mur95_1,
AUTHOR     = {F. Murtagh and J.L. Starck and  A. Bijaoui},
JOURNAL    =  {The International Journal of Image Systems and Technology},
PAGES      = {332--338},
TITLE      = {Multiresolution in Astronomical Image Processing: A General Framework},
VOLUME     = {6},
YEAR       = {1995}
}

@ARTICLE{starck:sta95_1,
AUTHOR     = {J.L. Starck and A. Bijaoui and  F. Murtagh},
TITLE      = {Multiresolution Support Applied to Image Filtering and Deconvolution},
JOURNAL    = {CVGIP: Graphical Models and Image Processing},
VOLUME     = {57},
PAGES      = {420--431},
YEAR       = {1995}
}

@ARTICLE{starck:mur95_2,
AUTHOR     = {F. Murtagh and J.L. Starck  and A. Bijaoui},
TITLE      = {Image Restoration  with Noise Suppression Using a Multiresolution Support},
JOURNAL    = AAS,
VOLUME     = {112},
PAGES      = {179-189},
YEAR       = {1995}
}

@ARTICLE{starck:mur95_3,
AUTHOR     = {F. Murtagh and J.L. Starck  and A. Bijaoui},
TITLE       = {Image Analysis using Multiresolution: New Results},
JOURNAL    = STECF,
VOLUME     = {22},
PAGES      = {6-8},
YEAR       = {1995}
}



@ARTICLE{starck:bij94_1,
AUTHOR     = {A. Bijaoui and J.L. Starck  and F. Murtagh},
TITLE      = {Restauration des Images Multi-\'Echelles par l'Algorithme \`a Trous},
JOURNAL    =  {Traitement du Signal},
VOLUME     = {3},
PAGES      = {11},
YEAR       = {1994}
}

@ARTICLE{starck:sta94_1,
AUTHOR     = {J.L. Starck  and F. Murtagh},
TITLE      = {Image Restoration with Noise Suppression Using the Wavelet Transform},
JOURNAL    = AA,
VOLUME     = {288},
PAGES      = {343-348},
YEAR       = {1994}
}

@ARTICLE{starck:sta94_2,
AUTHOR     = {J.L. Starck and  A. Bijaoui},
TITLE      = {Multiresolution Deconvolution},
JOURNAL    = JOSAA,
VOLUME     = {11},
NUMBER     = {4},
YEAR       = {1994}
}

@ARTICLE{starck:sta94_3,
AUTHOR     = {J.L. Starck and A. Bijaoui and B. Lopez and C. Perrier},
TITLE      = {Image Reconstruction by the Wavelet Transform Applied to Aperture Synthesis},
JOURNAL    = AA,
VOLUME     = {283},
PAGES     = {349--360},
YEAR       = {1994}
}

@ARTICLE{starck:sta94_4,
AUTHOR     = {J.L. Starck and A. Bijaoui},
TITLE      = {Filtering and Deconvolution by the Wavelet Transform},
JOURNAL    = {Signal Processing},
VOLUME     = {35},
PAGES     = {195--211},
YEAR       = {1994}
}

@ARTICLE{starck:sta94_5,
AUTHOR     = {J.L. Starck and  F. Murtagh},
TITLE      = {Multiresolution image analysis using wavelets: recent results},
JOURNAL    = {Bulletin of the American Astronomical Society},
VOLUME     = {26},
NUMBER     = {2},
PAGES     = {1003--1005},
YEAR       = {1994}
}

@ARTICLE{starck:mur94_1,
AUTHOR     = {F. Murtagh and J.L. Starck},
TITLE      = {Multiresolution image analysis using wavelets: 
Some Recent Results and Some Current Directions},
JOURNAL    = STECF,
VOLUME     = {21},
PAGES  = {19--20},
YEAR       = {1994}
} 
 
@ARTICLE{starck:mur93,
AUTHOR     = {F. Murtagh and W.W. Zeilinger and J.L. Starck},
TITLE      = {Detection of Faint Extended Structures by Multiresolution Wavelet Analysis},
JOURNAL    = {ESO Messenger},
VOLUME     = {73},
PAGES      = {37--39},
YEAR       = {1993}
}

@ARTICLE{starck:cru92,
AUTHOR     = {P. Cruzal\`ebes, G. Schumacher and J.L. Starck},
TITLE      = {Model Independent Mapping by Optical Aperture Synthesis. Basic principles and computer simulation},
JOURNAL    = JOSAA,
VOLUME     = {9},
NUMBER     = {5},
YEAR       = {1992}
}

@TECHREPORT{starck:sadam,
AUTHOR     = {J.L. Starck},
INSTITUTION = {CEA},
MONTH      = {Mai},
TITLE      = {Syst\`eme d'Analyse de Donn\'ees Astronomiques par Multir\'esolution},
YEAR       = {1995}
} 


@TECHREPORT{starck:midas,
AUTHOR     = {J.L. Starck},
INSTITUTION = {European Southern Observatory -- Image Processing Group},
MONTH      = {Release 93NOV},
TITLE      = {The Wavelet Context},
YEAR       = {1993}
} 


@INPROCEEDINGS{starck:compress97_1,
AUTHOR     = {J.L. Starck and F. Murtagh and M. Louys},
TITLE      = {High Quality Astronomical Image Compression},
BOOKTITLE  = {Data and Information Fusion, Integration and Classification},
EDITOR     = {R. Molina},
YEAR       = {1997}
}

@INPROCEEDINGS{starck:compress97_2,
AUTHOR     = {J.L. Starck and F. Murtagh and M. Louys},
TITLE      = {Astronomical data compression},
BOOKTITLE  = {Advanced techniques and methods for astronomical information handling},
EDITOR     = {A. Bijaoui},
YEAR       = {1997}
}
@TECHREPORT{starck:tr_dubois98,
AUTHOR     = {O. Dubois and J.L. Starck and J. Idier},
INSTITUTION = {CEA},
TITLE      = {Deconvolution of astronomical images using a {M}arkov random},
YEAR       = {1998}
} 

@TECHREPORT{starck:tr_sta96_1,
AUTHOR     = {J.L. Starck and H. Aussel and R. Gastaud and D. Elbaz},
INSTITUTION = {CEA},
TITLE      = {Deep Survey Data Calibration from Pattern Recognition},
YEAR       = {1996}
} 

@TECHREPORT{starck:tr_sta96_2,
AUTHOR     = {J.L. Starck},
INSTITUTION = {CEA},
TITLE      = {Analysis of {VLA} {L}ockman {H}ole data},
YEAR       = {1996}
} 

@TECHREPORT{starck:tr_sta96_3,
AUTHOR     = {J.L. Starck and H. Aussel and D. Elbaz},
INSTITUTION = {CEA},
TITLE      = {Sources Detection with {ISOCAM}},
YEAR       = {1996}
} 

@TECHREPORT{starck:tr_sta96_4,
AUTHOR     = {A. Claret and J.L. Starck},
INSTITUTION = {CEA},
TITLE      = {{ISOCAM} Data Analysis with {X}\_{CIA} Environment},
YEAR       = {1996}
} 
@TECHREPORT{starck:tr_sta96_5,
AUTHOR     = {J.P. Djamdji and J.L. Starck and A. Claret},
INSTITUTION = {CEA},
TITLE      = {{ISOCAM} Images Registration},
YEAR       = {1996}
} 

@TECHREPORT{starck:tr_sta96_6,
AUTHOR     = { J.L. Starck and A. Claret and R. Siebenmorgen},
INSTITUTION = {CEA},
TITLE      = {{ISOCAM} Data Calibration},
YEAR       = {1996}
} 

@TECHREPORT{starck:tr_sta95,
AUTHOR     = { J.L. Starck and R. Gastaud},
INSTITUTION = {CEA},
TITLE      = {{ISOCAM} Interactive Analysis: an overview},
YEAR       = {1995}
} 

@TECHREPORT{starck:tr_dark96,
AUTHOR     = {J.L. Starck and E. Pantin},
INSTITUTION = {CEA},
TITLE      = {Second Order Dark Correction},
YEAR       = {1996}
} 

@TECHREPORT{starck:tr_idum96,
AUTHOR      = {R. Siebenmorgen and J.L. Starck and D.A. Cesarsky and S. Guest and M. Sauvage},
INSTITUTION = {ESA},
TITLE       = {{ISOCAM} Data Users Manual Version 2.1},
NUMBER      = {SAI/95-222/Dc},
YEAR        = {1996}
} 

@INPROCEEDINGS{starck:daubos99,
AUTHOR     = {T. Daubos and Z. Geradts and J.L. Starck and  J. Campbell and F. Murtagh},
TITLE      = {Improving Video Image Quality usinf Automated Wavelet-Based Image Addition},
BOOKTITLE  = {SPIE conference on Signal and Image Processing: Wavelet Applications 
in Signal and Image Processing VII, Denvers, 18-23 July},
YEAR       = {1999}
}

	
@INPROCEEDINGS{starck:gastaud98,
TITLE      = {Background Fluctuation Analysis from the Multiscale Entropy},
AUTHOR     = {R. Gastaud and J.-L. Starck and M. Pierre},
PAGES = {399--402},
BOOKTITLE  = {Astronomical Data Analysis Software and Systems VIII},
EDITOR     = {D. M. Mehringer and R. L. Plante and D. A. Roberts},
ADRESS =    {San  Francisco},
JOURNAL = {ASP Conf. Ser.},
VOLUME = {172},
YEAR       = {1999}
}

@INPROCEEDINGS{starck:campbell98,
AUTHOR     = {J.-G. Campbell and F. Murtagh and J.-L. Starck},
TITLE      = {Feature Detection and Compression of Mammography Images},
BOOKTITLE  = {Bioengineering in Ireland \& Ulster Biomedical Engineering Society Conference, Dublin},
YEAR       = {1998}
}

@INPROCEEDINGS{starck:sta_arc,
AUTHOR     = {J.L. Starck and  H. Aussel and D. Elbaz  and C. Cesarsky},
TITLE      = {Faint Source Detection with {ISOCAM} using the {PRETI} method},
BOOKTITLE  = {Extragalactic Astronomy in the Infrared},
EDITOR     = {G.A. Mamon and Trinh Xu\^an Thu\^an and J. Tr\^an Thanh V\^an},
PUBLISHER  = {Editions Fronti\`eres},
PAGES      = {481--486},
YEAR       = {1997}
}
