@STRING {AJ = "Astrophysical Journal"}@STRING {AJS = "Astrophysical Journal, Supplement Series"}@STRING {AAS = "Astronomy and Astrophysics, Supplement Series"}@STRING {AA = "Astronomy and Astrophysics"} @STRING {MNRAS = "Monthly Notices of the Royal Astronomical Society "}@STRING{PASP = "Publications of the Astronomical Society of the Pacific"}  @ARTICLE{astro:fang00, author = {{Fang}, L.-Z. and {Feng}, L.-l.}, title = "{Measuring the Galaxy Power Spectrum and Scale-Scale Correlations with Multiresolution-decomposed Covariance. I. Method}", journal = AJ, year = 2000, month = aug, volume = 539, pages = {5-19}, doi = {10.1086/309207}, adsurl = {http://cdsads.u-strasbg.fr/cgi-bin/nph-bib_query?bibcode=2000ApJ...539....5F&db_key=AST}, adsnote = {Provided by the Smithsonian/NASA Astrophysics Data System} }  @ARTICLE{astro:pia03, author = {{Mukherjee}, P. and {Wang}, Y.}, title = "{Model-independent Reconstruction of the Primordial Power Spectrum from Wilkinson Microwave Anistropy Probe Data}", journal = AJ, year = 2003, month = dec, volume = 599, pages = {1-6}, doi = {10.1086/379161}, adsurl = {http://cdsads.u-strasbg.fr/cgi-bin/nph-bib_query?bibcode=2003ApJ...599....1M&db_key=AST}, adsnote = {Provided by the Smithsonian/NASA Astrophysics Data System} } @ARTICLE{astro:rocha04, author = {{Rocha}, G. and {Cay{\' o}n}, L. and {Bowen}, R. and {Canavezes}, A.          and  {Silk}, J. and {Banday}, A.~J. and {G{\' o}rski}, K.~M.}, title = "{Topology of the Universe from COBE-DMR - a wavelet approach}", journal = MNRAS, year = 2004, month = jun, volume = 351, pages = {769-778}, doi = {10.1111/j.1365-2966.2004.07672.x}, adsurl = {http://cdsads.u-strasbg.fr/cgi-bin/nph-bib_query?bibcode=2004MNRAS.351..769R&db_key=AST}, adsnote = {Provided by the Smithsonian/NASA Astrophysics Data System}} @ARTICLE{astro:escalera95,author = {{Escalera}, E. and {MacGillivray}, H.~T.},title = "{Topology in galaxy distributions: method for a multi-scale     analysis. A use of the wavelet transform.}",    journal = AA,    year = 1995,    month = jun,    volume = 298,    pages = {1-+},    adsurl = {http://cdsads.u-strasbg.fr/cgi-bin/nph-bib_query?bibcode=1995A%26A...298....1E&db_key=AST},  adsnote = {Provided by the Smithsonian/NASA Astrophysics Data System}}@ARTICLE{astro:teyssier02,    author = {{Teyssier}, R.},    title = "{Cosmological hydrodynamics with adaptive mesh refinement. A new high resolution code called RAMSES}",    journal = AA,    year = 2002,    month = apr,    volume = 385,    pages = {337-364},    url = {http://cdsads.u-strasbg.fr/cgi-bin/nph-bib_query?bibcode=2002A%26A...385..337T&db_key=AST},    adsnote = {Provided by the NASA Astrophysics Data System}}@MISC{astro:hikage02,    author = {C. Hikage and Y. Suto and I. Kayo and A. Taruya and T. Matsubara and M.S. Vogeley and F. Hoyle      and J.R. Gott and J.Brinkmann and {for the SDSS collaboration}},    title = "{Three-Dimensional Genus Statistics of Galaxies in the SDSS Early Data Release}",    HOWPUBLISHED = {astro-ph/0207377},    year = 2002  }@ARTICLE{astro:bond96,    author = {J.R. Bond ans L. Kofman  and D. Pogosyan},    title = {How filaments of galaxies are woven into the cosmic web},    journal = {Nature},    year = 1996,    month = apr,    volume = 380,    number = 6575,    pages = {603--606}}@ARTICLE{astro:elbaz02,    author = {{Elbaz}, D. and {Flores}, H. and {Chanial}, P. and {Mirabel}, I.~F. and         {Sanders}, D. and {Duc}, P.-A. and {Cesarsky}, C.~J. and {Aussel}, H.        },    title = "{ISOCAM mid-infrared detection of HR 10: A distant clone of Arp 220 at z = 1.44}",    journal = AA,    year = 2002,    month = jan,    volume = 381,    pages = {L1--L4},    url = {http://cdsads.u-strasbg.fr/cgi-bin/nph-bib_query?bibcode=2002A%26A...381L...1E&db_key=AST},    adsnote = {Provided by the NASA Astrophysics Data System}}@ARTICLE{astro:franceschini01,    author = {{Franceschini}, A. and {Aussel}, H. and {Cesarsky}, C.~J. and         {Elbaz}, D. and {Fadda}, D.},    title = "{A long-wavelength view on galaxy evolution from deep surveys by the Infrared Space Observatory}",    journal = AA,    year = 2001,    month = oct,    volume = 378,    pages = {1--29},    url = {http://cdsads.u-strasbg.fr/cgi-bin/nph-bib_query?bibcode=2001A%26A...378....1F&db_key=AST},    adsnote = {Provided by the NASA Astrophysics Data System}}@ARTICLE{astro:fadda00,    author = {{Fadda}, D. and {Elbaz}, D. and {Duc}, P.-A. and {Flores}, H. and         {Franceschini}, A. and {Cesarsky}, C.~J. and {Moorwood}, A.~F.~M.        },    title = "{An excess of mid-IR luminous galaxies in Abell 1689?}",    journal = AA,    year = 2000,    month = sep,    volume = 361,    pages = {827--840},    url = {http://cdsads.u-strasbg.fr/cgi-bin/nph-bib_query?bibcode=2000A%26A...361..827F&db_key=AST},    adsnote = {Provided by the NASA Astrophysics Data System}}@INPROCEEDINGS{astro:vandame01,    author = {B. Vandame},    title = {Fast {Hough} Transform for Robust Detection of Satellite Tracks},    booktitle = {Mining the Sky},    publisher = {Springer},    EDITOR     = {A.J. Banday and S. Zaroubi and M. Bartelmann},    year = 2001,    pages = {595-597}}@INPROCEEDINGS{astro:zhang93,    author = {Zhang, S.N. and Fishman, G.J. and Harmon, B.A. and         Paciesas, W.S. and Rubin, B.C. and Meegan, C.A. and         Wilson, C.A. and Finger, M.H.},    title = {Hard {X}-ray all-sky imaging using {ATSE/CGRO}},    booktitle = {American Astronomical Society Meeting},    year = 1993,    month = may,    volume = 182,    pages = {7105},    url = {http://cdsads.u-strasbg.fr/cgi-bin/nph-bib_query?bibcode=1993AAS...182.7105Z&db_key=AST},    adsnote = {Provided by the NASA Astrophysics Data System}}@ARTICLE{astro:ragazzoni94,    author = {Ragazzoni, R. and Barbieri, C.},    title = "{Cycle-number determination via the Hough transform: The technique and an application to GW Cephei}",    journal = PASP,    year = 1994,    month = jun,    volume = 106,    pages = {683--687},    url = {http://cdsads.u-strasbg.fr/cgi-bin/nph-bib_query?bibcode=1994PASP..106..683R&db_key=AST},    adsnote = {Provided by the NASA Astrophysics Data System}}@ARTICLE{astro:debray94,    author = {{Debray}, B. and {Llebaria}, A. and {Dubout-Crillon}, R. and         {Petit}, M.},    title = {{CAPELLA}: {S}oftware for stellar photometry in dense fields with an irregular background},    journal = AA,    year = 1994,    month = jan,    volume = 281,    pages = {613--635},    url = {http://cdsads.u-strasbg.fr/cgi-bin/nph-bib_query?bibcode=1994A%26A...281..613D&db_key=AST},    adsnote = {Provided by the NASA Astrophysics Data System}}@INPROCEEDINGS{astro:llebaria99,    author = {{Llebaria}, A. and {Lamy}, P.},    title = {Time Domain Analysis of Solar Coronal Structures Through {H}ough Transform Techniques},    booktitle = {ASP Conference Series 172: Astronomical Data Analysis Software and Systems VIII},    year = 1999,    publisher = {Astronomical Society of the Pacific},    pages = {46},    url = {http://cdsads.u-strasbg.fr/cgi-bin/nph-bib_query?bibcode=1999adass...8...46L&db_key=AST},    adsnote = {Provided by the NASA Astrophysics Data System}}@ARTICLE{astro:touma00,    author = {{Touma}, D.},    title = {Imagery in the Presence of Turbulence Using Slit Aperture Telescope With Partial Adaptive Corrections},    journal = {Astrophysics and Space Science},    year = 2000,    month = sep,    volume = 273,    pages = {233--243},    url = {http://cdsads.u-strasbg.fr/cgi-bin/nph-bib_query?bibcode=2000Ap%26SS.273..233T&db_key=AST},    adsnote = {Provided by the NASA Astrophysics Data System}}@ARTICLE{astro:ballester94,    author = {{Ballester}, P.},    title = "{Hough transform for robust regression and automated detection}",    journal = AA,    year = 1994,    month = jun,    volume = 286,    pages = {1011--1018},    url = {http://cdsads.u-strasbg.fr/cgi-bin/nph-bib_query?bibcode=1994A%26A...286.1011B&db_key=AST},    adsnote = {Provided by the NASA Astrophysics Data System}}@ARTICLE{astro:weygaert94,    author = {{van de Weygaert}, R.},    title = "{Fragmenting the Universe. 3: The constructions and statistics of 3-D Voronoi tessellations}",    journal = AA,    year = 1994,    month = mar,    volume = 283,    pages = {361--406},    url = {http://cdsads.u-strasbg.fr/cgi-bin/nph-bib_query?bibcode=1994A%26A...283..361V&db_key=AST},    adsnote = {Provided by the NASA Astrophysics Data System}}@ARTICLE{astro:gonzalez00,    author = {{Gonz{\' a}lez}, J.~A. and {Quevedo}, H. and {Salgado}, M. and         {Sudarsky}, D.},    title = "{Spatial structure and periodicity in the Universe}",    journal = AA,    year = 2000,    month = oct,    volume = 362,    pages = {835--839},    url = {http://cdsads.u-strasbg.fr/cgi-bin/nph-bib_query?bibcode=2000A%26A...362..835G&db_key=AST},    adsnote = {Provided by the NASA Astrophysics Data System}}@ARTICLE{astro:bhavsar96,    author = {{Bhavsar}, S.~P. and {Splinter}, R.~J.},    title = "{The superiority of the minimal spanning tree in percolation analyses of cosmological data sets}",    journal = MNRAS,    year = 1996,    month = oct,    volume = 282,    pages = {1461--1466},    url = {http://cdsads.u-strasbg.fr/cgi-bin/nph-bib_query?bibcode=1996MNRAS.282.1461B&db_key=AST},    adsnote = {Provided by the NASA Astrophysics Data System}}@ARTICLE{astro:doro01,    author = {{Doroshkevich}, A.~G. and {Tucker}, D.~L. and {Fong}, R. and         {Turchaninov}, V. and {Lin}, H.},    title = "{Large-scale galaxy distribution in the Las Campanas Redshift Survey}",    journal = MNRAS,    year = 2001,    month = apr,    volume = 322,    pages = {369--388},    url = {http://cdsads.u-strasbg.fr/cgi-bin/nph-bib_query?bibcode=2001MNRAS.322..369D&db_key=AST},    adsnote = {Provided by the NASA Astrophysics Data System}}@ARTICLE{astro:krzewina96,    author = {{Krzewina}, L.~G. and {Saslaw}, W.~C.},    title = "{Minimal spanning tree statistics for the analysis of large-scale structure}",    journal = MNRAS,    year = 1996,    month = feb,    volume = 278,    pages = {869--876},    url = {http://cdsads.u-strasbg.fr/cgi-bin/nph-bib_query?bibcode=1996MNRAS.278..869K&db_key=AST},    adsnote = {Provided by the NASA Astrophysics Data System}}@ARTICLE{astro:naylor98,    author = {{Naylor}, T.},    title = "{An optimal extraction algorithm for imaging photometry}",    journal = MNRAS,    year = 1998,    month = may,    volume = 296,    pages = {339--346},    url = {http://cdsads.u-strasbg.fr/cgi-bin/nph-bib_query?bibcode=1998MNRAS.296..339N&db_key=AST},    adsnote = {Provided by the NASA Astrophysics Data System}}@ARTICLE{astro:maddox90,    author = {{Maddox}, S.~J. and {Efstathiou}, G. and {Sutherland}, W.~J.        },    title = {The {APM} {G}alaxy {S}urvey -- {P}art {T}wo -- {P}hotometric        Corrections},    journal = MNRAS,    year = 1990,    month = oct,    volume = 246,    pages = {433},    url = {http://cdsads.u-strasbg.fr/cgi-bin/nph-bib_query?bibcode=1990MNRAS.246..433M&db_key=AST},    adsnote = {Provided by the NASA Astrophysics Data System}}@ARTICLE{astro:kron80,    author = {{Kron}, R.~G.},    title = "{Photometry of a complete sample of faint galaxies}",    journal = {Astrophysical Journal Supplement Series},    year = 1980,    month = jun,    volume = 43,    pages = {305--325},    url = {http://cdsads.u-strasbg.fr/cgi-bin/nph-bib_query?bibcode=1980ApJS...43..305K&db_key=AST},    adsnote = {Provided by the NASA Astrophysics Data System}}@ARTICLE{astro:koo86,    author = {{Koo}, D.~C.},    title = "{Multicolor photometry of field galaxies to B = 24}",    journal = AJ,    year = 1986,    month = dec,    volume = 311,    pages = {651--679},    url = {http://cdsads.u-strasbg.fr/cgi-bin/nph-bib_query?bibcode=1986ApJ...311..651K&db_key=AST},    adsnote = {Provided by the NASA Astrophysics Data System}}@INPROCEEDINGS{astro:ds9,    author = {{Joye}, W. and {Mandel}, E.},    title = {{SAOT}k and {T}cl{XPA}: {T}cl/{T}k Extensions for Astronomy},    booktitle = {ASP Conference Series 216: Astronomical Data Analysis Software and Systems IX},    year = 2000,    publisher = {Astronomical Society of the Pacific},    pages = {91},    url = {http://cdsads.u-strasbg.fr/cgi-bin/nph-bib_query?bibcode=2000adass...9...91J&db_key=AST},    adsnote = {Provided by the NASA Astrophysics Data System}}@ARTICLE{astro:bijaoui80,    author = {{Bijaoui}, A.},    title = "{Sky background estimation and application}",    journal = AA,    year = 1980,    month = apr,    volume = 84,    pages = {81--84},    url = {http://cdsads.u-strasbg.fr/cgi-bin/nph-bib_query?bibcode=1980A%26A....84...81B&db_key=AST},    adsnote = {Provided by the NASA Astrophysics Data System}}@ARTICLE{astro:irwin85,    author = {{Irwin}, M.~J.},    title = "{Automatic analysis of crowded fields}",    journal = MNRAS,    year = 1985,    month = jun,    volume = 214,    pages = {575--604},    url = {http://cdsads.u-strasbg.fr/cgi-bin/nph-bib_query?bibcode=1985MNRAS.214..575I&db_key=AST},    adsnote = {Provided by the NASA Astrophysics Data System}}@INPROCEEDINGS{astro:dacosta92,    author = {G.S. Da Costa},    booktitle = {ASP Conference Series 23, Astronomical {CCD} Observing and Reduction Techniques},    editor = {S.B. Howel},    year = 1992,    pages = {90},    publisher={Astronical Society of the Pacific}}@INPROCEEDINGS{astro:guibert92,    author = {{Guibert}, J.},    title = {THE {MAMA} FACILITY -- A SURVEY OF SCIENTIFIC PROGRAMMES},    booktitle = {Digitised Optical Sky Surveys},    year = 1992,    pages = {103},    url = {http://cdsads.u-strasbg.fr/cgi-bin/nph-bib_query?bibcode=1992doss.conf..103G&db_key=AST},    adsnote = {Provided by the NASA Astrophysics Data System}}@ARTICLE{astro:asinger98,    author = {{Hasinger}, G. and {Burg}, R. and {Giacconi}, R. and {Schmidt}, M. and         {Trumper}, J. and {Zamorani}, G.},    title = {"The {ROSAT} {D}eep {S}urvey. {I}. {X}-ray sources in the {L}ockman {F}ield"},    journal = AA,    year = 1998,    month = jan,    volume = 329,    pages = {482--494},    url = {http://cdsads.u-strasbg.fr/cgi-bin/nph-bib_query?bibcode=1998A%26A...329..482H&db_key=AST},    adsnote = {Provided by the NASA Astrophysics Data System}}@ARTICLE{astro:bertin96,    author = {{Bertin}, E. and {Arnouts}, S.},    title = {{SE}xtractor: Software for source extraction},    journal = AAS,    year = 1996,    month = jun,    volume = 117,    pages = {393--404},    url = {http://cdsads.u-strasbg.fr/cgi-bin/nph-bib_query?bibcode=1996A%26AS..117..393B&db_key=AST},    adsnote = {Provided by the NASA Astrophysics Data System}}@ARTICLE{astro:lagage94,    author = {{Lagage}, P.O. and {Pantin}, E.},    title = {DUST DEPLETION IN THE INNER DISK OF BETA-PICTORIS AS A POSSIBLE INDICATOR OF PLANETS},    journal = {Nature},    year = 1994,    month = jun,    volume = 369,    pages = {628},    url = {http://adsabs.harvard.edu/cgi-bin/nph-bib_query?bibcode=1994Natur.369..628L&db_key=AST},    adsnote = {Provided by the NASA Astrophysics Data System}}@ARTICLE{astro:pantin97,    author = {{Pantin}, E. and {Lagage}, P. O. and {Artymowicz}, P.},    title = {Mid-infrared images and models of the beta  Pictoris dust disk},    journal = AA,    year = 1997,    month = nov,    volume = 327,    pages = {1123--1136},    url = {http://adsabs.harvard.edu/cgi-bin/nph-bib_query?bibcode=1997A%26A...327.1123P&db_key=AST},    adsnote = {Provided by the NASA Astrophysics Data System}}@ARTICLE{astro:slezak93,AUTHOR     = {E. Slezak and V. de Lapparent and A. Bijaoui},TITLE      = {Objective detection of voids and high density structures in the first {C}f{A} redshift survey slice},JOURNAL    = AJ,VOLUME     = {409},PAGES       = {517--529},YEAR       = {1993}}@ARTICLE{astro:slezak94,    author = {{Slezak}, E.  and {Durret}, F.  and {Gerbal}, D. },    title = {A wavelet analysis search for substructures in eleven {X-ray} clusters of galaxies},    journal = AJ,    year = 1994,    volume = 108,    pages = {1996--2008},}@ARTICLE{astro:vikhlinin97,    author = {{Vikhlinin}, A. and {Forman}, W. and {Jones}, C.},    title = {Another Collision for the {Coma} Cluster},    journal = AJ,    year = 1997,    month = jan,    volume = 474,    pages = {L7},    url = {http://cdsads.u-strasbg.fr/cgi-bin/nph-bib_query?bibcode=1997ApJ...474L...7V&db_key=AST},    adsnote = {Provided by the NASA Astrophysics Data System}}@TECHREPORT{astro:bijaoui94,AUTHOR     = {A. Bijaoui and P. Bury and E. Slezak},INSTITUTION = {Observatoire de la C\^ote d'Azur},TITLE      = {Catalog analysis with multiresolution insights.      1. {D}etection and characterization of  significant structures},YEAR       = {1994}} @PHDTHESIS{astro:bury95,  AUTHOR       = {P. Bury},  MONTH        = {Janvier},  SCHOOL       = {Universit\'e de Nice Sophia Antipolis},  TITLE        = {De la distribution de mati\`ere \`a  grande \'echelle \`a partir des amas d'{A}bell},  YEAR         = {1995}}@ARTICLE{astro:buonanno83,    author = {{Buonanno}, R. and {Buscema}, G. and {Corsi}, C.E. and {Ferraro}, I. and         {Iannicola}, G.},    title = "Automated photographic photometry of stars in globular clusters",    journal = AA,    year = 1983,    month = oct,    volume = 126,    pages = {278--282},    url = {http://ads.nao.ac.jp/cgi-bin/nph-bib_query?bibcode=1983A%26A...126..278B&db_key=AST},    adsnote = {Provided by the NASA Astrophysics Data System}}@ARTICLE{astro:moffat69,    author = {{Moffat}, A.F.J.},    title = "A Theoretical Investigation of Focal Stellar Images in the Photographic Emulsion and Application to Photographic Photometry",    journal = AA,    year = 1969,    month = dec,    volume = 3,    pages = {455},    url = {http://ads.nao.ac.jp/cgi-bin/nph-bib_query?bibcode=1969A%26A.....3..455M&db_key=AST},    adsnote = {Provided by the NASA Astrophysics Data System}}@ARTICLE{astro:djorgovski83,    author = {{Djorgovski}, S.},    title = "Modelling of seeing effects in extragalactic astronomy and cosmology",    journal = {Journal of Astrophysics and Astronomy},    year = 1983,    month = dec,    volume = 4,    pages = {271--288},    url = {http://ads.nao.ac.jp/cgi-bin/nph-bib_query?bibcode=1983JApA....4..271D&db_key=AST},    adsnote = {Provided by the NASA Astrophysics Data System}}@ARTICLE{astro:molina92,    author = {{Molina}, R. and {Ripley}, B.D. and {Molina}, A. and {Moreno}, F. and         {Ortiz}, J.L.},    title = "Bayesian deconvolution with prior knowledge of object location -- Applications to ground-based planetary images",    journal = AJ,    year = 1992,    month = oct,    volume = 104,    pages = {1662--1668},    url = {http://ads.nao.ac.jp/cgi-bin/nph-bib_query?bibcode=1992AJ....104.1662M&db_key=AST},    adsnote = {Provided by the NASA Astrophysics Data System}}@ARTICLE{astro:bennett2003,    author = {{Bennett}, C.~L. and {Halpern}, M. and {Hinshaw}, G. and {Jarosik}, N. and         {Kogut}, A. and {Limon}, M. and {Meyer}, S.~S. and {Page}, L. and         {Spergel}, D.~N. and {Tucker}, G.~S. and {Wollack}, E. and {Wright}, E.~L. and         {Barnes}, C. and {Greason}, M.~R. and {Hill}, R.~S. and {Komatsu}, E. and         {Nolta}, M.~R. and {Odegard}, N. and {Peiris}, H.~V. and {Verde}, L. and         {Weiland}, J.~L.},    title = "{First-Year Wilkinson Microwave Anisotropy Probe (WMAP) Observations: Preliminary Maps and Basic Results}",    journal = AJS,    year = 2003,    month = sep,    volume = 148,    pages = {1-27},    adsurl = {http://cdsads.u-strasbg.fr/cgi-bin/nph-bib_query?bibcode=2003ApJS..148....1B&db_key=AST},    adsnote = {Provided by the NASA Astrophysics Data System}}@PHDTHESIS{astro:dasilva2002,    author = {{Da Silva}, A.~J.~C.},    TITLE ={The {Sunyaev-Zel'dovich} effect: Predictions from Hydrodynamical {N-body} simulations},    SCHOOL = {Sussex university},    year = 2002,    month = {july}}@ARTICLE{astro:mad93,    author = {P.J. Rousseeuw and C. Croux},    journal = "Journal of the American Statistical Asssociation",    volume = 88,    pages = {1273},    year = 1993}