@MISC{SIPI,  AUTHOR       = {USC-SIPI Image Database},  NOTE = {{\tt http://sipi.usc.edu/services/\-database/\-Database.html}}}@TECHREPORT{CurveInverse,AUTHOR     = {E.J. Cand\`es and  D.L. Donoho},INSTITUTION = {Department of Statistics, Stanford Univeristy},TITLE      = {Edge-Preserving Denoising in Linear Inverse Problems:Optimality of Curvelet Frames},YEAR       = {2000}} @TECHREPORT{RectoPolar,   author =       {A. Averbuch and  R.R. Coifman and D.L. Donoho and M. Israeli and J. Wald\'en},   title =        {Polar FFT, RectoPolar FFT, and Applications},   INSTITUTION = {Stanford University},  YEAR        = {2000}}@Article{Wedgelets,  author = 	 {Donoho, D.L},  title = 	 {Wedgelets: nearly-minimax estimation of edges},  journal =      {Ann. Statist},  volume =       {27},  pages =        {859--897},  year = 	 {1999}}@Article{Ortholinear,  author = 	 {Donoho, D.L},  title = 	 {Orthonormal Ridgelets and Linear Singularities},  journal =      {Siam J. Math Anal.},  volume =       {31},  number =       {5},  pages =        {1062-1099},  year = 	 {2000}}  @Article{MERSEREAU,  author = 	 {R.M. Mersereau and A.V. Oppenheim},  title = 	 {Digital reconstruction of multidimensional signals from                   their projections},  journal =      {Proc. IEEE},  volume =       {62},  number =       {10},  pages =        {1319-1338},  year = 	 {1974}}% Lecture Notes in Statistics 141@InProceedings{Simoncellidenoise,  author = 	 {E. P. Simoncelli},  title = 	 {Bayesian Denoising of Visual Images in the Wavelet Domain},  booktitle = 	 {Bayesian Inference in Wavelet Based Models},  year = 	 {1999},  editor = 	 {P Muller and B. Vidakovic},  publisher =    {Springer-Verlag}}@Article{Steerable,  author =       {Simoncelli, E.P. and Freeman, W.T and Adelson, E.H.                  and Heeger, D.J.},  title =                        {Shiftable Multi-Scale Transforms [or "What's Wrong                  with Orthonormal Wavelets"]},  journal =      {IEEE Trans. Information Theory},  year =         {1992},  OPTkey =       {},  OPTvolume =    {38},  OPTnumber =    {},  OPTpages =     {587-607},  OPTmonth =     {},  OPTnote =      {},  OPTannote =    {}}@TECHREPORT{DRT,   author =       {Donoho, D. L.},   title =        {Digital Ridgelet Transform via                  RectoPolar Coordinate Transform},  INSTITUTION = {Stanford University}, YEAR        = {1998}} @ARTICLE{Barron,   AUTHOR  = {Barron, A. R.},   TITLE   = {{Universal approximation bounds for superpositions of a              sigmoidal function}},   YEAR    = {1993},   JOURNAL = {IEEE Trans. Inform. Theory},     VOLUME = {39},     NUMBER = {},     MONTH  = {},     PAGES  = {930--945}}@ARTICLE{Benveniste,   AUTHOR  = {Benveniste, A. and Zhang, Q.},   TITLE   = {{Wavelet networks}},   YEAR    = {1992},   JOURNAL = {IEEE Transactions on Neural Networks},     VOLUME = {3},     NUMBER = {},     MONTH  = {},     PAGES  = {889--898}}@ARTICLE{GroupRep,   AUTHOR  = {Bernier, D. and Taylor, K. F.},   TITLE   = {{Wavelets from square-integrable representations}},   YEAR    = {1996},   JOURNAL = {SIAM J. Math. Anal},     VOLUME = {27},     NUMBER = {},     MONTH  = {},     PAGES  = {594--608}}@BOOK{Boas,   AUTHOR    = {Boas, Jr., R. P.},   TITLE     = {{Entire functions}},   PUBLISHER = {Academic Press},   YEAR      = {1952},     EDITION = {},     ADDRESS = {New York},     VOLUME  = {},     SERIES  = {}}@ARTICLE{Harmnet,   AUTHOR  = {Cand\`es, E. J.},   TITLE   = {{Harmonic analysis of neural netwoks}},   YEAR    = {1999},   JOURNAL = {{Applied and Computational               Harmonic Analysis}},     VOLUME = {6},     NUMBER = {},     MONTH  = {},     PAGES  = {197--218}}@Article{Roysoc,  author = 	 {Cand\`es, E. J. and Donoho, D. L.},  title = 	 {{Ridgelets: the Key to Higher-dimensional Intermittency?}},  journal = 	 {Philosophical Transactions of the  Royal Society of London A},  year = 	 {1999},  Volume = 	 {357},  pages = 	 {2495-2509}}@ARTICLE{Cheng,   AUTHOR  = {Cheng, B. and Titterington, D. M.},   TITLE   = {{Neural networks: a review from a statistical perspective.              With comments and a rejoinder by the authors}},   YEAR    = {1994},   JOURNAL = {Stat. Sci.},     VOLUME = {9},     NUMBER = {},     MONTH  = {},     PAGES  = {2--54}}@BOOK{ConwaySloane,   AUTHOR    = {Conway, J. H. and Sloane, N. J. A.},   TITLE     = {{Sphere packings, lattices and groups}},   PUBLISHER = {Springer-Verlag},   YEAR      = {1988},     EDITION = {},     ADDRESS = {New York},     VOLUME  = {},     SERIES  = {}}@ARTICLE{Cybenko,   AUTHOR  = {Cybenko, G.},   TITLE   = {{Approximation by superpositions of a sigmoidal function}},   YEAR    = {1989},   JOURNAL = {Math. Control Signals Systems},     VOLUME = {2},     NUMBER = {},     MONTH  = {},     PAGES  = {303--314}}@BOOK{Daub,   AUTHOR    = {Daubechies, I.},   TITLE     = {{Ten lectures on wavelets}},   PUBLISHER = {Society for Industrial and Applied Mathematics},   YEAR      = {1992},     EDITION = {},     ADDRESS = {Philadelphia, PA},     VOLUME  = {},     SERIES  = {}}@ARTICLE{DaubGrossMeyer,   AUTHOR  = {Daubechies, I. and Grossmann, A.  and Meyer, Y.},   TITLE   = {{Painless nonorthogonal expansions}},   YEAR    = {1986},   JOURNAL = {J. Math. Phys.},     VOLUME = {27},     NUMBER = {},     MONTH  = {},     PAGES  = {1271--1283}}@Book{DEans,  author = 	 {Deans, S.R.},  title = 	 {{The Radon Transform and Some of Its Applications}},  publisher = 	 {Wiley},  year = 	 {1983},  OPTvolume = 	 {},  OPTseries = 	 {},  OPTaddress = 	 {New York},  OPTedition = 	 {}}@ARTICLE{Devore1,   AUTHOR  = {DeVore, R. A. and Temlyakov, V. N.},   TITLE   = {Some remarks on greedy algorithms},   YEAR    = {1996},   JOURNAL = {Adv. Comput. Math.},     VOLUME = {5},     NUMBER = {},     MONTH  = {},     PAGES  = {173--187}}@ARTICLE{Devore2,   AUTHOR  = {DeVore, R. A. and Oskolkov, K. I. and Petrushev, P. P.},   TITLE   = {Approximation by feed-forward neural networks},   YEAR    = {1997},   JOURNAL = {Ann. Numer. Math.},     VOLUME = {4},     NUMBER = {},     MONTH  = {},     PAGES  = {261--287}}@ARTICLE{Ubasis,   AUTHOR  = {Donoho, D. L.},   TITLE   = {Unconditional bases are optimal bases for data compression and for statistical estimation},   YEAR    = {1993},   JOURNAL = {Applied and Computational Harmonic Analysis},     VOLUME = {1},     NUMBER = {},     MONTH  = {},     PAGES  = {100--115}}@ARTICLE{WVD,   AUTHOR  = {Donoho, D. L.},   TITLE   = {Nonlinear solution of linear inverse problems by                   wavelet-vaguelette decomposition},    YEAR    = {1995},   JOURNAL = {Applied and Computational Harmonic Analysis},     VOLUME = {2},     NUMBER = {},     MONTH  = {},     PAGES  = {101--126}}@ARTICLE{Bitlevel,   AUTHOR  = {Donoho, D. L.},   TITLE   = {Unconditional bases and bit-level compression},   YEAR    = {1996},   JOURNAL = {Applied and Computational Harmonic Analysis},     VOLUME = {3},     NUMBER = {},     MONTH  = {},     PAGES  = {388--392}}@ARTICLE{Duality,   AUTHOR  = {Donoho, D. L. and Johnstone, I. M.},   TITLE   = {Projection-based approximation and a duality               with kernel methods},   YEAR    = {1989},   JOURNAL = {Ann. Statist.},     VOLUME = {17},     NUMBER = {},     MONTH  = {},     PAGES  = {58--106}}@ARTICLE{Asymptopia,   AUTHOR  = {Donoho, D. L. and Johnstone, I. M. and Kerkyacharian, G. and             Picard, D.},   TITLE   = {Wavelet shrinkage: asymptopia?},   YEAR    = {1995},   JOURNAL = {J. Roy. Statist. Soc. Ser. B},     VOLUME = {57},     NUMBER = {},     MONTH  = {},     PAGES  = {301--369}}@UNPUBLISHED{EAD,   AUTHOR = {Donoho, D. L. and Johnstone, I. M.},   TITLE  = {{\em Empirical atomic decomposition}},   NOTE   = {Manuscript},     MONTH = {},     YEAR  = {1995}}@TECHREPORT{FRT,   AUTHOR      = {Donoho, D. L.},   TITLE       = {Fast Ridgelet Transforms in Dimension 2},   INSTITUTION = {Stanford University},   YEAR        = {1997},   ADDRESS = {Department of Statistics, Stanford CA 94305--4065}}@ARTICLE{Donoho-IEEE,   AUTHOR  = {Donoho, D. L. and Vetterli, M and DeVore, R. A. and               Daubechies, I.},    TITLE   = {Data compression and harmonic analysis},   YEAR    = {1998},   JOURNAL = {IEEE Trans. Inform. Theory},     VOLUME = {44},     NUMBER = {},     MONTH  = {},     PAGES  = {2435--2476}}@ARTICLE{DuffSch,   AUTHOR  = {Duffin, R. J. and Schaeffer, A. C.},   TITLE   = {{A class of nonharmonic Fourier Series}},   YEAR    = {1952},   JOURNAL = {Trans. Amer. Math. Soc.},     VOLUME = {72},     NUMBER = {},     MONTH  = {},     PAGES  = {341-366}}@ARTICLE{MooreDuflo,   AUTHOR  = {Duflo, M. and Moore, C. C.},   TITLE   = {On the regular representation of a nonunimodular locally               compact group},   YEAR    = {1976},   JOURNAL = {J. Functional Analysis},     VOLUME = {21},     NUMBER = {},     MONTH  = {},     PAGES  = {209--243}}@InCollection{FeiGro,  author = 	 {Feichtinger, H. G. and Gr\"ochenig, K.},  title = 	 {A unified approach to atomic decompositions via integrable                   group representations},  booktitle = 	 {{Function spaces and applications (Lund, 1986)}},  key =		 {},  publisher =	 {Springer},  year =	 1988,  number =	 1302,  series =	 {Lecture Notes in Math.},  address =	 {Berlin-New York}}@BOOK{FrJa,   AUTHOR    = {Frazier, M. and Jawerth, B. and Weiss, G.},   TITLE     = {{Littlewood-Paley theory and the study of function spaces}},   PUBLISHER = {American Math. Soc.},   YEAR      = {1991},     EDITION = {},     ADDRESS = {Providence, RI},     VOLUME  = {79},     SERIES  = {NSF-CBMS Regional Conf. Ser. in Mathematics}}@ARTICLE{Jerry,   AUTHOR  = {Friedman, J. H. and Stuetzle, W.},   TITLE   = {Projection pursuit regression},   YEAR    = {1981},   JOURNAL = {J. Amer. Statist. Assoc.},     VOLUME = {76},     NUMBER = {},     MONTH  = {},     PAGES  = {817--823}}@BOOK{Hardle,   AUTHOR    = {H\"ardle, W.},   TITLE     = {Applied Nonparametric Regression},   PUBLISHER = {Cambridge University Press},   YEAR      = {1990},     EDITION = {},     ADDRESS = {Cambridge, England},     VOLUME  = {},     SERIES  = {}}@Book{Ibragimov,   AUTHOR    = {Ibragimov, I. A. and Hasminskii, R. Z.},   TITLE     = {{Statistical estimation. Asymptotic theory}},   PUBLISHER = {Springer-Verlag},   YEAR      = {1981},     EDITION = {},     ADDRESS = {New York-Berlin},     VOLUME  = {},     SERIES  = {Applications of Mathematics}}@ARTICLE{Hasminskii,   AUTHOR  = {Hasminskii, R. and Ibragimov, I.},   TITLE   = {{On density estimation in the view of              Kolmogorov's ideas in approximation theory}},   YEAR    = {1990},   JOURNAL = {J. Amer. Statist. Assoc.},     VOLUME = {18},     NUMBER = {},     MONTH  = {},     PAGES  = {999--1010}}@ARTICLE{Holschneider,   AUTHOR  = {Holschneider, M.},   TITLE   = {{Inverse Radon transforms through inverse wavelet transforms}},   YEAR    = {1991},   JOURNAL = {Inverse Problems},     VOLUME = {7},     NUMBER = {},     MONTH  = {},     PAGES  = {853--861}}@ARTICLE{Huber,   AUTHOR  = {Huber, P. J.},   TITLE   = {Projection pursuit, with discussion},   YEAR    = {1985},   JOURNAL = {Ann. Statist.},     VOLUME = {13},     NUMBER = {},     MONTH  = {},     PAGES  = {435--525}}@ARTICLE{LeeJones1,   AUTHOR  = {Jones, L. K.},   TITLE   = {{On a conjecture of Huber concerning the convergence of               projection pursuit regression}},   YEAR    = {1987},   JOURNAL = {Ann. Statist.},     VOLUME = {15},     NUMBER = {},     MONTH  = {},     PAGES  = {880--882}}@ARTICLE{LeeJones2,   AUTHOR  = {Jones, L. K.},   TITLE   = {{A simple lemma on greedy approximation  in Hilbert space and convergence rates for projection pursuit  regression and neural network training}},   YEAR    = {1992},   JOURNAL = {Ann. Statist.},     VOLUME = {20},     NUMBER = {},     MONTH  = {},     PAGES  = {608--613}}@ARTICLE{LeeJones3,   AUTHOR  = {Jones, L. K.},   TITLE   = {{The computational intractability of trainingsigmoidal neural networks}},   YEAR    = {1997},   JOURNAL = {IEEE Transactions on Information Theory},     VOLUME = {43},     NUMBER = {},     MONTH  = {},     PAGES  = {167--173}}@BOOK{Izzy,   AUTHOR    = {Katznelson, Y.},   TITLE     = {An Introduction to Harmonic Analysis},   PUBLISHER = {Wiley},   YEAR      = {1968},     EDITION = {},     ADDRESS = {New York},     VOLUME  = {},     SERIES  = {}}@ARTICLE{Leshno,   AUTHOR  = {Leshno, M. and Lin, V. Y. and Pinkus, A. and Schocken, S.},   TITLE   = {Multilayer feedforward networks with a nonpolynomial              activation function can approximate any function},   YEAR    = {1993},   JOURNAL = {Neural Networks},     VOLUME = {6},     NUMBER = {},     MONTH  = {},     PAGES  = {861--867}}@ARTICLE{Mhaskar1,   AUTHOR  = {Mhaskar, H. N.},   TITLE   = {Neural networks for optimal approximation of smooth              and analytic functions},   YEAR    = {1996},   JOURNAL = {Neural Computation},     VOLUME = {8},     NUMBER = {},     MONTH  = {},     PAGES  = {164--177}}@ARTICLE{Mhaskar2,   AUTHOR  = {Mhaskar, H. N. and Micchelli, C. A.},   TITLE   = {Degree of approximation  by neural and translation networks              with a single hidden layer},   YEAR    = {1995},   JOURNAL = {Adv. in Appl. Math.},     VOLUME = {16},     NUMBER = {},     MONTH  = {},     PAGES  = {151--183}}@ARTICLE{MallatZhang,   AUTHOR  = {Mallat, S. and Zhang, Z.},   TITLE   = {Matching pursuits with time-frequency dictionaries},   YEAR    = {1993},   JOURNAL = {IEEE Transactions on Signal Processing},     VOLUME = {41},     NUMBER = {},     MONTH  = {},     PAGES  = {3397--3415}}@BOOK{Meyer,   AUTHOR    = {Meyer, Y.},   TITLE     = {Wavelets and Operators},   PUBLISHER = {Cambridge University Press},   YEAR      = {1992},     EDITION = {},     ADDRESS = {},     VOLUME  = {},     SERIES  = {}}@BOOK{MeyerAlgo,   AUTHOR    = {Meyer, Y.},   TITLE     = {Wavelets: Algorithms and Applications},   PUBLISHER = {SIAM},   YEAR      = {1993},     EDITION = {},     ADDRESS = {Philadelphia},     VOLUME  = {},     SERIES  = {}}@ARTICLE{Montgomery,   AUTHOR  = {Montgomery, H. L.},   TITLE   = {The analytic principle of the large sieve},   YEAR    = {1978},   JOURNAL = {Bull. Amer. Math. Soc.},     VOLUME = {84},     NUMBER = {},     MONTH  = {},     PAGES  = {547--567}}@ARTICLE{Murata,   AUTHOR  = {Murata, N.},   TITLE   = {An integral representation of functions using               three-layered networks and their approximation bounds},   YEAR    = {1996},   JOURNAL = {Neural Networks},     VOLUME = {9},     NUMBER = {},     MONTH  = {},     PAGES  = {947--956}}@BOOK{Natterer,   AUTHOR    = {Natterer, F.},   TITLE     = {The mathematics of computerized tomography},   PUBLISHER = {B. G. Teubner; John Wiley \& Sons},   YEAR      = {1986},     EDITION = {},     ADDRESS = {},     VOLUME  = {},     SERIES  = {}}@ARTICLE{Pati,   AUTHOR  = {Pati, Y. C. and Krishnaprasad, P. S.},   TITLE   = {Analysis and synthesis of feedforward neural networks using               discrete affine wavelet transformations},   YEAR    = {1993},   JOURNAL = {IEEE Transactions on Neural Networks},     VOLUME = {4},     NUMBER = {},     MONTH  = {},     PAGES  = {73--85}}@ARTICLE{Peyrin,   AUTHOR  = {Peyrin, F. and Zaim, M. and Goutte, R.},   TITLE   = {Construction of wavelet decompositions for tomographic images},   YEAR    = {1993},   JOURNAL = {J. Math. Imaging Vision},     VOLUME = {3},     NUMBER = {},     MONTH  = {},     PAGES  = {105--122}}@ARTICLE{PlaPol,   AUTHOR  = {Plancherel, M. and P\'olya, G.},   TITLE   = {{Fonctions enti\`eres             et int\'egrales de Fourier multiples}},   YEAR    = {1938},   JOURNAL = {Commentarii Math. Helv.},     VOLUME = {10},     NUMBER = {},     MONTH  = {},     PAGES  = {110--163}}@BOOK{Stein,   AUTHOR    = {Stein, E. M.},   TITLE     = {Singular integrals and differentiability properties of                functions},     PUBLISHER = {Princeton University Press},   YEAR      = {1970},     EDITION = {},     ADDRESS = {Princeton, N.J.},     VOLUME  = {30},     SERIES  = {Princeton Mathematical Series}}@BOOK{Triebel,   AUTHOR    = {Triebel, H.},   TITLE     = {Theory of Function Spaces},   PUBLISHER = {Birkh\"auser Verlag},   YEAR      = 1983,     EDITION = {},     ADDRESS = {Basel},     VOLUME  = {},     SERIES  = {}}@ARTICLE{Wagner,   AUTHOR  = {Wagner, G.},   TITLE   = {On a new method for constructing good point sets  on spheres},   YEAR    = {1993},   JOURNAL = {Discrete Comput. Geom.},     VOLUME = {9},     NUMBER = {},     MONTH  = {},     PAGES  = {111--129}}@BOOK{Young,   AUTHOR    = {Young, R. M.},   TITLE     = {{An introduction to nonharmonic Fourier series}},   PUBLISHER = {Academic Press},   YEAR      = 1980,     EDITION = {},     ADDRESS = {New York},     VOLUME  = {},     SERIES  = {}}@ARTICLE{Spatial,   AUTHOR  = {Donoho, D.L. and Johnstone, I.M.},   TITLE   = {Ideal spatial adaptation via wavelet shrinkage},   YEAR    = {1994},   JOURNAL = {Biometrika},     VOLUME = {81},     NUMBER = {},     MONTH  = {},     PAGES  = {425--455}}@ARTICLE{Efro1,   AUTHOR  = {Efroimovich, S.Y. and Pinsker, M.S.},   TITLE   = {Estimation of square-integrable [spectral] density based   on a sequence of observations},   YEAR    = {1982},   JOURNAL = {Problems of Information Transmission},     VOLUME = {},     NUMBER = {},     MONTH  = {},     PAGES  = {182--196}}@ARTICLE{Efro2,   AUTHOR  = {Efroimovich, S.Y. and Pinsker, M.S.},   TITLE   = {Estimation of square-integrable probability density of a random variable},    YEAR    = {1983},   JOURNAL = {Problems of Information Transmission},     VOLUME = {},     NUMBER = {},     MONTH  = {},     PAGES  = {175--189}}@ARTICLE{Pinsker,   AUTHOR  = {Pinsker, M.S.},   TITLE   = {Optimal filtering of square-integrable signals in Gaussian white noise},   YEAR    = {1980},   JOURNAL = {Problems of Information Transmission},     VOLUME = {},     NUMBER = {},     MONTH  = {},     PAGES  = {120--133}}@ARTICLE{Stone,   AUTHOR  = {Stone, C. J.},   TITLE   = {Consistent nonparametric regression, with discussion},   YEAR    = {1977},   JOURNAL = {Ann. Statist.},     VOLUME = {5},     NUMBER = {},     MONTH  = {},     PAGES  = {595--645}}@ARTICLE{Vu,   AUTHOR  = {Vu, V. H.},   TITLE   = {{On the infeasibility of trainingneural networks with small mean-squared error}},   YEAR    = {1998},   JOURNAL = {IEEE Transactions on Information Theory},     VOLUME = {44},     NUMBER = {},     MONTH  = {},     PAGES  = {2892--2900}}@PhdThesis{Thesis,  author = 	 {Cand\`es, E. J.},  title = 	 {{Ridgelets: theory and applications}},  school = 	 {Department of Statistics, Stanford University},  year = 	 {1998},  OPTkey = 	 {},  OPTtype = 	 {},  OPTaddress = 	 {},  OPTmonth = 	 {},  OPTnote = 	 {},  OPTannote = 	 {}}@TechReport{Monoscale,  author = 	 {Cand\`es, E. J.},  title = 	 {{\em Monoscale ridgelets for the representation of                   images with edges}},   institution =  {Department of Statistics, Stanford University},  year = 	 {1999},  OPTkey = 	 {},  OPTtype = 	 {},  OPTnumber = 	 {},  OPTaddress = 	 {},  OPTmonth = 	 {},  note = 	 {Submitted for publication},  OPTannote = 	 {}}@TechReport{Ridgestat,  author = 	 {Cand\`es, E. J.},  title = 	 {{\em Ridgelets: Estimating with Ridge Functions}},    institution =  {Department of Statistics, Stanford University},  year = 	 {1999},  OPTkey = 	 {},  OPTtype = 	 {},  OPTnumber = 	 {},  OPTaddress = 	 {},  OPTmonth = 	 {},  note = 	 {Submitted for publication},  OPTannote = 	 {}}@TechReport{Mutilated,  author = 	 {Cand\`es, E. J.},  title = 	 {{\em On the representation of mutilated Sobolev functions}},  institution =  {Department of Statistics, Stanford University},  year = 	 {1999},  OPTkey = 	 {},  OPTtype = 	 {},  OPTnumber = 	 {},  OPTaddress = 	 {},  OPTmonth = 	 {},  note = 	 {Submitted for publication},  OPTannote = 	 {}}@UNPUBLISHED{Newsmooth,  AUTHOR = {Cand\`es, E. J.},  TITLE =  {{\em Ridgelet representations of new smoothness classes}},  NOTE =   {Manuscript},   MONTH = {},    YEAR  = {1999},}@Article{Lemarie,  author = 	 {Lemari\'e, P. G. and Meyer, Y.},  title = 	 {Ondelettes et bases Hilbertiennes},  journal = 	 {Rev. Mat. Iberoamericana},  year = 	 {1986},  OPTkey = 	 {},  OPTvolume = 	 {2},  OPTnumber = 	 {},  OPTpages = 	 {1-18},  OPTmonth = 	 {},  OPTnote = 	 {},  OPTannote = 	 {}}@Article{DJ-annals,  author = 	 {Donoho, D. L. and Johnstone, I. M.},  title = 	 {Minimax estimation via wavelet shrinkage},  journal = 	 {Ann. Statist.},  year = 	 {1998},  OPTkey = 	 {},  OPTvolume = 	 {26},  OPTnumber = 	 {},  OPTpages = 	 {879--921},  OPTmonth = 	 {},  OPTnote = 	 {},  OPTannote = 	 {}}@Article{CorrelInverse,  author = 	 {Johnstone, I. M.},  title = 	 {Wavelet shrinkage for correlated data and inverse problems:                     adaptivity results},    journal = 	 {Statist. Sinica},  year = 	 {1999},  OPTkey = 	 {},  OPTvolume = 	 {9},  OPTnumber = 	 {},  OPTpages = 	 {51--83},  OPTmonth = 	 {},  OPTnote = 	 {},  OPTannote = 	 {}}@Article{Correl,  author = 	 {Johnstone, I. M. and Silverman, B. W.},  title = 	 {Wavelet threshold estimators for data with correlated noise},  journal = 	 {J. R. Statist. Soc. B.},  year = 	 {1997},  OPTkey = 	 {},  OPTvolume = 	 {59},  OPTnumber = 	 {},  OPTpages = 	 {319--351},  OPTmonth = 	 {},  OPTnote = 	 {},  OPTannote = 	 {}}@UNPUBLISHED{stat322,   AUTHOR = {Johnstone, I. M.},   TITLE  = {Wavelets and the theory of nonparametric function estimation},   NOTE   = {Available at: {\tt http://www-stat.stanford.edu/$\sim$imj}},     MONTH = {},     YEAR  = {1999}}@BOOK{Korostelev,   AUTHOR    = {Korostelev, A. P. and Tsybakov, A. B.},   TITLE     = {Minimax theory of image reconstruction},   PUBLISHER = {Springer-Verlag},   YEAR      = {1993},     EDITION = {},     ADDRESS = {New York},     VOLUME  = {82},     SERIES  = {Lecture Notes in Statistics}}@BOOK{Picard,   AUTHOR    = {H\"ardle, W. and  Kerkyacharian, G. and Picard, D. and                  Tsybakov, A.},   TITLE     = {Wavelets, approximation, and statistical applications},   PUBLISHER = {Springer-Verlag},   YEAR      = {1998},     EDITION = {},     ADDRESS = {New York},     VOLUME  = {129},     SERIES  = {Lecture Notes in Statistics}}@Article{Silverman99,  author = 	 {Silverman, B.W.},  title = 	 {{Wavelets in statistics: beyond the standard assumptions}},  journal = 	 {{to appear Phil.  Trans. R. Soc. Lond. A.}},  year = 	 {1999},  OPTkey = 	 {},  OPTvolume = 	 {},  OPTnumber = 	 {},  OPTpages = 	 {},  OPTmonth = 	 {},  OPTnote = 	 {},  OPTannote = 	 {}}@BOOK{Ramm,   AUTHOR    = {Ramm, A. G. and Katsevich, A. I.},   TITLE     = {The Radon transform and local tomography},   PUBLISHER = {CRC Press},   YEAR      = {1996},     EDITION = {},     ADDRESS = {Boca Raton, FL},     VOLUME  = {},     SERIES  = {}}@BOOK{Adams,   AUTHOR    = {Adams, R. A.},   TITLE     = {Sobolev spaces},   PUBLISHER = {Academic Press},   YEAR      = {1975},     EDITION = {},     ADDRESS = {New York},      VOLUME  = {},     SERIES  = {}}@Unpublished{Curvelets,   AUTHOR = {Cand\`es, E. J. and Donoho, D. L.},   TITLE  = {{\em Curvelets}},    NOTE   = {Manuscript.       {\it http://www-stat.stanford.edu/$\tilde{\;}$donoho/Reports/1999/curvelets.pdf}},       MONTH = {},     YEAR  = {1999}}@TechReport{CVD,  author = 	 {Cand\`es, E. J. and Donoho, D. L.},  title = 	 {Recovering Edges in Ill-Posed Inverse Problems: Optimality of              Curvelet Frames},  institution =  {Department of Statistics, Stanford University},  year = 	 {2000},  OPTkey = 	 {},  OPTtype = 	 {},  OPTnumber = 	 {2000-16},  OPTaddress = 	 {},  OPTmonth = 	 {},  OPTnote = 	 {},  OPTannote = 	 {}}@TechReport{Curves-Curvelets,  author = 	 {Cand\`es, E. J. and Donoho, D. L.},  title = 	 {Curvelets and curvilinear integrals},  institution =  {Department of Statistics, Stanford University},  year = 	 {2000},  OPTkey = 	 {},  OPTtype = 	 {},  OPTnumber = 	 {2000-15},  OPTaddress = 	 {},  OPTmonth = 	 {},  OPTnote = 	 {},  OPTannote = 	 {}}@Article{Brown-Low,  author = 	 {Brown, L. D. and Low, M. G.},  title = 	 {Asymptotic equivalence of nonparametric regression and                    white noise},   journal = 	 {Ann. Statist.},  year = 	 {1996},  OPTkey = 	 {},  OPTvolume = 	 {24},  OPTnumber = 	 {},  OPTpages = 	 {2384--2398},  OPTmonth = 	 {},  OPTnote = 	 {},  OPTannote = 	 {}}@Article{Beylkin,  author = 	 {Beylkin, G. and Coifman, R. and Rokhlin, V.},  title = 	 {Fast wavelet transforms and numerical algorithms},  journal = 	 {I. Comm. Pure Appl. Math.},  year = 	 {1991},  OPTkey = 	 {},  OPTvolume = 	 {44},  OPTnumber = 	 {},  OPTpages = 	 {141--183},  OPTmonth = 	 {},  OPTnote = 	 {},  OPTannote = 	 {}}@Article{Morel,  author = 	 {Alvarez, L. and Guichard, F. and Lions, P. L.                    and Morel, J. M.},  title = 	 {Axioms and fundamental equations of image processing},   journal = 	 {Arch. Rational Mech. Anal.},  year = 	 {1993},  OPTkey = 	 {},  OPTvolume = 	 {123},  OPTnumber = 	 {},  OPTpages = 	 {199--257},  OPTmonth = 	 {},  OPTnote = 	 {},  OPTannote = 	 {}}@InProceedings{Curvelets-StMalo,  author = 	 {Cand\`es, E. J. and Donoho, D. L.},  title = 	 {Curvelets -- A Surprisingly                 Effective Nonadaptive Representation For Objects with Edges},  booktitle = 	 {Curve and Surface Fitting: Saint-Malo 1999},  year = 	 {1999},  editor =      {A. Cohen and C. Rabut and L.L. Schumaker},  publisher =    {Vanderbilt University Press},  address =     {Nashville, TN}}