% Version: 2001-11-16 FM@STRING {AA = "Astronomy and Astrophysics"} @STRING {AAS = "Astronomy and Astrophysics, Supplement Series"}@STRING{EA = "Experimental Astronomy"}@STRING{VA = "Vistas in Astronomy"}@STRING{NA = "New Astronomy"}@STRING{JOSAA = "Journal of the  Optical Society of  America A"}@STRING{PASP = "Publications of the Astronomical Society of the Pacific"}@STRING{STECF = "ST-ECF Newsletter"}@STRING {AJ = "Astronomical Journal"}@STRING {ApJ = "Astrophysical Journal"}@STRING {AJL = "Astrophysical Journal Letters"}@STRING {AJS = "Astrophysical Journal Supplement Series"}@STRING {MNRAS = "Monthly Notices of the Royal Astronomical Society"}@ARTICLE{cluster:sz_cluster,    author = {S. Pires and  J.-B. Juin and  D. Yvon and Y. Moudden and S. Anthoine and E. Pierpaoli },    title = {Sunyaev-Zeldovich cluster reconstruction in multiband \\bolometer camera surveys},    year = 2005,    note = {submitted to Astronomy and Astrophysics},    url = {http://arxiv.org/pdf/astro-ph/0508641}}@ARTICLE{cluster:abraham94,    author = {{Abraham}, R. G. and {Valdes}, F.  and {Yee}, H. K. C. and {van Den Bergh}, S.         },    title = {The morphologies of distant galaxies. 1: an automated classification system},    journal = AJ,    year = 1994,    month = sep,    volume = 432,    pages = {75--90},    url = {http://cdsads.u-strasbg.fr/cgi-bin/nph-bib_query?bibcode=1994ApJ...432...75A&db_key=AST},    adsnote = {Provided by the NASA Astrophysics Data System}}@ARTICLE{cluster:butchins82,    author = {{Butchins}, S. A.},    title = {Automatic image classification},    journal = AA,    year = 1982,    month = may,    volume = 109,    pages = {360--365},    url = {http://cdsads.u-strasbg.fr/cgi-bin/nph-bib_query?bibcode=1982A%26A...109..360B&db_key=AST},    adsnote = {Provided by the NASA Astrophysics Data System}}@ARTICLE{cluster:doi93,    author = {{Doi}, M. and {Fukugita}, M. and {Okamura}, S.},    title = {Morphological Classification of Galaxies Using Simple Photometric Parameters},    journal = MNRAS,    year = 1993,    month = oct,    volume = 264,    pages = {832+},    url = {http://cdsads.u-strasbg.fr/cgi-bin/nph-bib_query?bibcode=1993MNRAS.264..832D&db_key=AST},    adsnote = {Provided by the NASA Astrophysics Data System}}@ARTICLE{cluster:kent85,    author = {{Kent}, S. M.},    title = {CCD surface photometry of field Galaxies. II - Bulge/disk decompositions},    journal = AJS,    year = 1985,    month = oct,    volume = 59,    pages = {115--159},    url = {http://cdsads.u-strasbg.fr/cgi-bin/nph-bib_query?bibcode=1985ApJS...59..115K&db_key=AST},    adsnote = {Provided by the NASA Astrophysics Data System}}@ARTICLE{cluster:lefevre86,    author = {{Le Fevre}, O. and {Bijaoui}, A. and {Mathez}, G. and {Picat}, J. P. and         {Lelievre}, G.},    title = {Electronographic BV photometry of three distance clusters of galaxies. II - The catalogue},    journal = AAS,    year = 1986,    month = feb,    volume = 63,    pages = {297--303},    url = {http://cdsads.u-strasbg.fr/cgi-bin/nph-bib_query?bibcode=1986A%26AS...63..297L&db_key=AST},    adsnote = {Provided by the NASA Astrophysics Data System}}@ARTICLE{cluster:okamura84,    author = {{Okamura}, S. and {Kodaira}, K. and {Watanabe}, M.},    title = {Digital surface photometry of galaxies toward a quantitative classification. III - A mean concentration index as a parameter representing the luminosity distribution},    journal = AJ,    year = 1984,    month = may,    volume = 280,    pages = {7--14},    url = {http://cdsads.u-strasbg.fr/cgi-bin/nph-bib_query?bibcode=1984ApJ...280....7O&db_key=AST},    adsnote = {Provided by the NASA Astrophysics Data System}} @ARTICLE{cluster:petrosian76,    author = {{Petrosian}, V.},    title = {Surface brightness and evolution of galaxies},    journal = AJL,    year = 1976,    month = oct,    volume = 209,    pages = {L1--L5},    url = {http://cdsads.u-strasbg.fr/cgi-bin/nph-bib_query?bibcode=1976ApJ...209L...1P&db_key=AST},    adsnote = {Provided by the NASA Astrophysics Data System}}@ARTICLE{cluster:sandage90,    author = {{Sandage}, A.  and {Perelmuter}, J. -M. },    title = {The surface brightness test for the expansion of the universe. I - Properties of Petrosian metric diameters},    journal = AJ,    year = 1990,    month = feb,    volume = 350,    pages = {481--491},    url = {http://cdsads.u-strasbg.fr/cgi-bin/nph-bib_query?bibcode=1990ApJ...350..481S&db_key=AST},    adsnote = {Provided by the NASA Astrophysics Data System}}@ARTICLE{cluster:stobie86,    author = {R.S. Stobie},    journal = {Pattern Recognition Letters},    year = 1986,    volume = 4,    pages = {317},}@ARTICLE{cluster:storrie92,    author = {{Storrie-Lombardi}, M. C. and {Lahav}, O. and {Sodre}, L. , Jr. and         {Storrie-Lombardi}, L. J.},    title = {Morphological Classification of Galaxies by Artificial Neural Networks},    journal = MNRAS,    year = 1992,    month = nov,    volume = 259,    pages = {8P+},    url = {http://cdsads.u-strasbg.fr/cgi-bin/nph-bib_query?bibcode=1992MNRAS.259P...8S&db_key=AST},    adsnote = {Provided by the NASA Astrophysics Data System}}@misc{cluster:bershady00,   author =   {M.A. Bershady and A. Jangren and C.J. Conselice},    howpublished = {astro-ph/0002262},   year =       {2000}}@TECHREPORT{chandra:detect,AUTHOR     = {A. Dobrzycki and  H. Ebeling and  K. Glotfelty and P. Freeman and F. Damianiand  M. Elvis and T. Calderwood},INSTITUTION = {Chandra X-Ray Center, Smithsonian Astrophysical},TITLE      = {CHANDRA {\em detect} 1.1 User Guide},YEAR        = {1999}}@TECHREPORT{clst:bennett,AUTHOR      = {K.P. Bennett and U. Fayyad and D. Geiger},INSTITUTION = {Microsoft Research},TITLE       = {Density-based indexing for approximate nearest                neighbor queries},NUMBER      = {MSR-TR-98-58},YEAR        = {1999}}@INPROCEEDINGS{clst:murtaghhb,AUTHOR      = {F. Murtagh},TITLE       = {Clustering in massive data sets},BOOKTITLE   = {Handbook of Massive Data Sets},PAGES       = {401--545},EDITOR      = {J. Abello and P.M. Pardalos and M.G.C. Resende},PUBLISHER   = {Kluwer},YEAR        = {2001}}@INPROCEEDINGS{clst:rohlf82,AUTHOR      = {F.J. Rohlf},TITLE       = {Single link clustering algorithms},BOOKTITLE   = {Handbook of Statistics},VOLUME      = {2},EDITOR      = {P.R. Krishnaiah and L.N. Kanal},PUBLISHER   = {North-Holland},PAGES       = {267--284},YEAR        = {1982}}@ARTICLE{clst:rohlf73,AUTHOR      = {F.J. Rohlf},TITLE       = {Algorithm 76: {H}ierarchical clustering using the                minimum spanning tree},JOURNAL     = {Computer Journal}, VOLUME      = {16}, PAGES       = {93--95}, YEAR        = {1973}}@ARTICLE{clst:zahn,AUTHOR      = {C.T. Zahn},TITLE       = {Graph-theoretical methods for detecting and describing               {G}estalt clusters},JOURNAL     = {IEEE Transactions on Computers},VOLUME      = {C-20}, PAGES       = {68--86}, YEAR        = {1971}}@BOOK{clst:murtagh85,AUTHOR      = {F. Murtagh},TITLE       = {Multidimensional Clustering Algorithms},PUBLISHER   = {Physica-Verlag},YEAR        = {1985}}@INPROCEEDINGS{clst:murtagh93b,AUTHOR      = {F. Murtagh},TITLE       = {Multivariate methods for data analysis},EDITOR      = {Aa. Sandqvist and T.P. Ray},BOOKTITLE   = {Central Activity in Galaxies: From                Observational Data to Astrophysical Diagnostics}, PUBLISHER   = {Springer-Verlag}, PAGES       = {209--235}, YEAR        = {1993}}@ARTICLE{clst:banfield,AUTHOR      = {J.D. Banfield  and A.E. Raftery},TITLE       = {Model-based {G}aussian and non-{G}aussian clustering},JOURNAL     = {Biometrics}, VOLUME      = {49}, PAGES       = {803--821}, YEAR        = {1993}}@ARTICLE{clst:dasgupta,AUTHOR      = {A. Dasgupta  and A.E. Raftery},TITLE       = {Detecting features in spatial point processes with                clutter via model-based clustering},JOURNAL     = {Journal of the American Statistical Association},VOLUME      = {93},PAGES       = {294--302},YEAR        = {1998}}@ARTICLE{clst:murraf,AUTHOR      = {F. Murtagh and A.E. Raftery},TITLE       = {Fitting straight lines to point patterns},JOURNAL     = {Pattern Recognition}, VOLUME      = {17}, PAGES       = {479--483}, YEAR        = {1984}}@ARTICLE{clst:banerjee,AUTHOR      = {S. Banerjee and A. Rosenfeld},TITLE       = {Model-based cluster analysis},JOURNAL     = {Pattern Recognition}, VOLUME      = {26}, PAGES       = {963--974}, YEAR        = {1993}}@ARTICLE{clst:dempster,AUTHOR      = {A.P. Dempster and N.M. Laird and D.B. Rubin},TITLE       = {Maximum likelihood from incomplete data via the                {EM} algorithm}, JOURNAL     = {Journal of the Royal Statistical Society, Series B},VOLUME      = {39}, PAGES       = {1--22}, YEAR        = {1977}}@ARTICLE{clst:fraley,AUTHOR      = {C. Fraley},TITLE       = {Algorithms for model-based {G}aussian hierarchical               clustering},JOURNAL     = {SIAM Journal of Scientific Computing}, VOLUME      = {20}, PAGES       = {270--281},YEAR        = {1999}}@ARTICLE{clst:kass,AUTHOR      = {R.E. Kass and A.E. Raftery},TITLE       = {Bayes factors},JOURNAL     = {Journal of the American Statistical Association},VOLUME      = {90}, PAGES       = {773--795}, YEAR        = {1995}}@ARTICLE{clst:schwartz,AUTHOR      = {G. Schwarz},TITLE       = {Estimating the dimension of a model},JOURNAL     = {The Annals of Statistics}, VOLUME      = {6}, PAGES       = {461--464}, YEAR        = {1978}}@ARTICLE{clst:fraraf,AUTHOR      = {C. Fraley and A.E. Raftery},TITLE       = {How many clusters?  {W}hich clustering               method?  {A}nswers via model-based cluster analysis},JOURNAL     = {Computer Journal}, VOLUME      = {41}, PAGES       = {578--588}, YEAR        = {1999}}@ARTICLE{clst:mukherjee,AUTHOR      = {S. Mukherjee and E.D. Feigelson and G.J. Babu and                F. Murtagh and C. Fraley and A. Raftery},TITLE       = {Three types of gamma-ray bursts},JOURNAL     = AJ,VOLUME      = {508},PAGES       = {314--327}, YEAR        = {1998}}@ARTICLE{clst:hakkila,AUTHOR      = {J. Hakkila and D.J. Haglin and G.N. Pendleton and R.S.                Mallozzi and C.A. Meegan and R.J. Roiger},TITLE       = {Gamma-ray burst class properties}, JOURNAL     = AJ,VOLUME      = {538},PAGES       = {165--180}, YEAR        = {2000}}@ARTICLE{clst:celeux,AUTHOR      = {G. Celeux and G. Govaert},TITLE       = {Gaussian parsimonious clustering models},JOURNAL     = {Pattern Recognition}, VOLUME      = {28}, PAGES       = {781--793}, YEAR        = {1995}}@MISC{clst:sdss,AUTHOR      = {{SDSS}},TITLE       = {Sloan {D}igital {S}ky {S}urvey}, YEAR        = {2000},ADDRESS     = {http://www.sdss.org}}@INPROCEEDINGS{clst:pelleg,AUTHOR      = {D. Pelleg and A. Moore},TITLE       = {Accelerating exact k-means algorithms with geometric                reasoning},BOOKTITLE   = {KDD-99, Fifth ACM SIGKDD International               Conference on Knowledge Discovery and Data Mining}, YEAR        = {1999}}@ARTICLE{clst:murstapr,AUTHOR      = {F. Murtagh and J.L. Starck}, TITLE       = {Pattern clustering based on noise               modeling in wavelet space}, JOURNAL     = {Pattern Recognition}, VOLUME      = {31}, PAGES       = {847--855}, YEAR        = {1998}}@ARTICLE{clst:zheng,AUTHOR      = {G. Zheng and J.L. Starck and J.G. Campbell and F. Murtagh},TITLE       = {Multiscale transforms for filtering financial data streams}, JOURNAL     = {Journal of Computational Intelligence in Finance},VOLUME      = {7}, PAGES       = {18--35},YEAR        = {1999}}@ARTICLE{clst:byers,AUTHOR      = {S.D. Byers and A.E. Raftery}, TITLE       = {Nearest neighbor clutter removal               for estimating features in spatial point processes},JOURNAL     = {Journal of the American Statistical Association}, VOLUME      = {93}, PAGES       = {577--584}, YEAR        = {1998}}@ARTICLE{clst:allard,AUTHOR      = {D. Allard and C. Fraley},TITLE       = {Non-parametric maximum likelihood                estimation of features in spatial point processes                using {V}oronoi tessellation}, JOURNAL     = {Journal of the American Statistical Association},VOLUME      = {92}, PAGES       = {1485--1493}, YEAR        = {1997}}@ARTICLE{clst:ebeling,AUTHOR      = {H. Ebeling and G. Wiedenmann},TITLE       = {Detecting structure in two                dimensions combining {V}oronoi tessellation and percolation},JOURNAL     = {Physical Review E}, VOLUME      = {47}, PAGES       = {704--714}, YEAR        = {1993}}@TECHREPORT{clst:dobrzycki,AUTHOR      = {A. Dobrzycki and H. Ebeling and K. Glotfelty and P. Freeman                and F. Damiani and M. Elvis and T. Calderwood},TITLE       = {Chandra {D}etect 1.0 {U}ser {G}uide, Version 0.9}, INSTITUTION = {Chandra X-Ray Center, Smithsonian Astrophysical Observatory},YEAR        = {1999}} @INPROCEEDINGS{db:broder97,AUTHOR      = {A.Z. Broder and S.C. Glassman and M.S. Manasse and G. Zweig},TITLE       = {Syntactic clustering of the web},BOOKTITLE   = {Proceedings Sixth International World Wide Web Conference}, PAGES       = {391--404}, YEAR        = {1997}}@BOOK{db:salton,AUTHOR      = {G. Salton and M.J. McGill}, TITLE       = {Introduction to Modern Information Retrieval}, PUBLISHER   = {McGraw-Hill}, YEAR        = {1983}}@INPROCEEDINGS{db:broder98,AUTHOR      = {A.Z. Broder}, TITLE       = {On the resemblance and containment of documents},BOOKTITLE   = {Compression and Complexity of Sequences, SEQUENCES'97},  PUBLISHER   = {IEEE Computer Society},PAGES       = {21--29},YEAR        = {1998}}@INPROCEEDINGS{db:borodin,AUTHOR      = {A. Borodin and R. Ostrovsky and Y. Rabani},TITLE       = {Subquadratic                approximation algorithms for clustering problems                in high dimensional spaces},BOOKTITLE   = {Proc. 31st ACM Symposium on Theory of Computing, STOC-99},YEAR        = {1999}}@TECHREPORT{db:lloyd,AUTHOR      = {P.  Lloyd}, TITLE       = {Least squares quantization in {PCM}},INSTITUTION = {Bell Laboratories},YEAR        = {1957}}@ARTICLE{db:forgy,AUTHOR      = {E. Forgy}, TITLE       = {Cluster analysis of multivariate data: efficiency              vs.\ interpretability of classifications}, JOURNAL     = {Biometrics}, VOLUME      = {21}, PAGES       = {768}, YEAR        = {1965}}@INPROCEEDINGS{db:macqueen,AUTHOR      = {J. MacQueen},TITLE       = {Some methods for classification and analysis of               multivariate observations},BOOKTITLE   = {Proceedings of the Fifth Berkeley Symposium               on Mathematical Statistics and Probability, Vol.\ 1}, PAGES       = {281--297}, YEAR        = {1976}}@INPROCEEDINGS{db:darken91,AUTHOR      = {C. Darken and J. Moody},TITLE       = {Note on learning rate schedules for                stochastic optimization}, BOOKTITLE   = {Advances in Neural Information Processing               Systems 3}, EDITOR      = {Lippmann, Moody and Touretzky},PUBLISHER   = {Morgan Kaufman},YEAR        = {1991}}@INPROCEEDINGS{db:darken92,AUTHOR      = {C. Darken and J. Chang and J. Moody},TITLE       = {Learning rate schedules for faster               stochastic gradient search}, BOOKTITLE   = {Neural Networks for Signal Processing 2, Proceedings                of the 1992 IEEE Workshop}, PUBLISHER   = {IEEE Press}, YEAR        = {1992}}@INPROCEEDINGS{db:darmoo,AUTHOR      = {C. Darken and J. Moody}, TITLE       = {Towards faster stochastic gradient search},BOOKTITLE   = {Advances in Neural Information Processing Systems 4}, EDITOR      = {Moody,  Hanson and Lippmann}, PUBLISHER   = {Morgan Kaufman},YEAR        = {1992}}@TECHREPORT{db:fritzke,AUTHOR      = {B. Fritzke}, TITLE       = {Some competitive learning methods},INSTITUTION = {Ruhr-Universit\"at Bochum},YEAR        = {1997}}@BOOK{db:spaeth,AUTHOR      = {H. Sp\"ath}, TITLE       = {Cluster Dissection and Analysis: Theory, Fortran                Programs, Examples},PUBLISHER   = {Ellis Horwood}, YEAR        = {1985}}@INPROCEEDINGS{db:neal,AUTHOR      = {R. Neal and G. Hinton},TITLE       = {A view of the {EM} algorithm that                justifies incremental, sparse, and other variants}, EDITOR      = {M. Jordan}, BOOKTITLE   = {Learning in Graphical Models}, PUBLISHER   = {Kluwer}, PAGES       = {355--371},YEAR        = {1998}}@INPROCEEDINGS{db:sato,AUTHOR      = {M. Sato and S. Ishii}, TITLE       = {Reinforcement learning based on on-line                {EM} algorithm},BOOKTITLE   = {Advances in Neural Information                Processing Systems 11}, EDITOR      = {M.S. Kearns and S.A. Solla and D.A. Cohn},PAGES       = {1052--1058}, PUBLISHER   = {MIT Press},YEAR        = {1999}}@TECHREPORT{db:thiesson,AUTHOR      = {B. Thiesson and C. Meek and D. Heckerman}, TITLE       = {Accelerating {EM} for large databases},INSTITUTION = {Microsoft Research},NUMBER      = {MST-TR-99-31}, YEAR        = {1999}}@ARTICLE{db:yao,AUTHOR      = {A.C. Yao},TITLE       = {An ${O}(\mid {E} \mid \log \log \mid {V} \mid)$ algorithm               for finding minimum spanning trees}, JOURNAL     = {Information Processing Letters},VOLUME      = {4}, PAGES       = {21--23}, YEAR        = {1975}}@ARTICLE{db:cheriton,AUTHOR      = {D. Cheriton and D.E. Tarjan}, TITLE       = {Finding minimum spanning trees},JOURNAL     = {SIAM Journal on Computing}, VOLUME      = {5}, PAGES       = {724--742}, YEAR        = {1976}}@ARTICLE{db:gabow,AUTHOR      = {H.N. Gabow and Z. Galil and T. Spencer and R.E. Tarjan},TITLE       = {Efficient algorithms for finding minimum spanning trees                in undirected and directed graphs}, JOURNAL     = {Combinatorica}, VOLUME      = {6}, PAGES       = {109--122}, YEAR        = {1986}}@BOOK{db:motwani,AUTHOR      = {R. Motwani and P. Raghavan}, TITLE       = {Randomized Algorithms}, PUBLISHER   = {Cambridge University Press}, YEAR        = {1995}}@BOOK{db:tucker,AUTHOR      = {A. Tucker},TITLE       = {Applied Combinatorics}, PUBLISHER   = {Wiley}, YEAR        = {1980}}@ARTICLE{db:tarjan,AUTHOR      = {R.E. Tarjan}, TITLE       = {An improved algorithm for hierarchical clustering               using strong components}, JOURNAL     = {Information Processing Letters}, VOLUME      = {17}, PAGES       = {37--41}, YEAR        = {1983}}@ARTICLE{db:doyle,AUTHOR      = {L.B. Doyle}, TITLE       = {Semantic road maps for literature searchers},JOURNAL     = {Journal of the ACM}, VOLUME      = {8}, PAGES       = {553--578},YEAR        = {1961}}@ARTICLE{db:murher,AUTHOR      = {F. Murtagh and M. Hern\'andez-Pajares},TITLE       = {The {K}ohonen self-organizing map method: an assessment},JOURNAL     = {Journal of Classification}, VOLUME      = {12}, PAGES       = {165--190},YEAR        = {1995}}@ARTICLE{db:poin1,AUTHOR      = {Ph. Poin\c{c}ot and S. Lesteven and F. Murtagh},TITLE       = {A spatial user interface to the astronomical literature}, JOURNAL     = AAS,VOLUME      = {130},PAGES       = {183--191},YEAR        = {1998}}@ARTICLE{db:poin2,AUTHOR      = {Ph. Poin\c{c}ot and S. Lesteven and F. Murtagh}, TITLE       = {Maps of information spaces: assessments from astronomy}, JOURNAL     = {Journal of the American Society for Information Science}, VOLUME      = {51}, PAGES       = {1081--1089}, YEAR        = {2000}}@ARTICLE{db:guill,AUTHOR      = {D. Guillaume and F. Murtagh}, TITLE       = {Clustering of {XML} documents}, JOURNAL     = {Computer Physics Communications},VOLUME      = {127}, PAGES       = {215--227}, YEAR        = {2000}}@ARTICLE{db:church,AUTHOR      = {K.W. Church and J.I. Helfman}, TITLE       = {Dotplot: a program for exploring               self-similarity in millions of lines of text and code}, JOURNAL     = {Journal of Computational and Graphical Statistics}, VOLUME      = {2}, PAGES       = {153--174}, YEAR        = {1993}}@INPROCEEDINGS{db:berry96,AUTHOR      = {M.W. Berry and B. Hendrickson and P. Raghavan},TITLE       = {Sparse matrix reordering schemes for browsing hypertext},EDITOR      = {J. Renegar and M.  Shub and S. Smale}, BOOKTITLE   = {Lectures in Applied Mathematics Vol. 32: The Mathematics of               Numerical Analysis}, PUBLISHER   = {American Mathematical Society}, PAGES       = {99--123}, YEAR        = {1996}}@ARTICLE{db:berry99,AUTHOR      = {M.W. Berry and Z. Drma\v{c} and E.R. Jessup}, TITLE       = {Matrices, vector spaces, and information retrieval}, JOURNAL     = {SIAM Review}, VOLUME      = {41}, PAGES       = {335--362}, YEAR        = {1999}}@ARTICLE{db:mur2000,AUTHOR      = {F. Murtagh and J.L. Starck and M. Berry},TITLE       = {Overcoming the curse of dimensionality in clustering by                means of the wavelet transform},JOURNAL     = {Computer Journal},  VOLUME      = {43}, PAGES       = {107--120}, YEAR        = {2000}}@INPROCEEDINGS{db:page,AUTHOR      = {C. Page},TITLE       = {Astronomical tables, 2-{D} indexing, and fuzzy-joins},BOOKTITLE   = {Proceedings of the 8th International Conference on                Scientific and Statistical Database Management, SSDBM'96},YEAR        = {1996}}@INPROCEEDINGS{db:read,AUTHOR      = {B.J. Read and M.A. Hapgood},TITLE       = {Approximate joins in scientific databases in practice},BOOKTITLE   = {Proceedings of the Sixth International Working Conference               on Scientific and Statistical Database Management},PAGES       = {123--131},YEAR        = {1992}}@INPROCEEDINGS{db:chakrabarti,AUTHOR      = {K. Chakrabarti and M. Garofalakis and R. Rastogi and K. Shim},TITLE       = {Approximate query processing using wavelets},BOOKTITLE   = {Proceedings of the 26th VLDB Conference},YEAR        = {2000}}@INPROCEEDINGS{db:vitter1,AUTHOR      = {J.S. Vitter and M. Wang},TITLE       = {Approximate computation of multidimensional aggregates of               sparse data using wavelets},BOOKTITLE   = {Proceedings of the 1999 ACM SIGMOD International Conference               on Management of Data},YEAR        = {1999}}@INPROCEEDINGS{db:vitter2,AUTHOR      = {J.S. Vitter and M. Wang and B. Iyer},TITLE       = {Data cube approximation and histograms via wavelets},BOOKTITLE   = {Proceedings of the 7th International Conference on                Information and Knowledge Management},YEAR        = {1998}}@ARTICLE{db:mccormick,AUTHOR      = {W.T. McCormick and P.J. Schweitzer and T.J. White},TITLE       = {Problem             decomposition and data reorganization by a clustering technique},JOURNAL     = {Operations Research}, VOLUME      = {20}, PAGES       = {993--1009},YEAR        = {1972}}@ARTICLE{db:lenstra, AUTHOR      = {J.K. Lenstra}, TITLE       = {Clustering a data array and the traveling-salesman               problem}, JOURNAL     = {Operations Research}, VOLUME      = {22}, PAGES       = {413--414},YEAR        = {1974}}@ARTICLE{db:doyle2, AUTHOR      = {J. Doyle}, TITLE       = {Classification by ordering a (sparse) matrix: a                simulated annealing approach}, JOURNAL     = {Applied Mathematical Modelling},VOLUME      = {12}, PAGES       = {86--94},YEAR        = {1988}}@ARTICLE{db:deutsch,AUTHOR      = {S.B. Deutsch and J.J. Martin}, TITLE       = {An ordering algorithm for analysis               of data arrays}, JOURNAL     = {Operations Research}, VOLUME      = {19}, PAGES       = {1350--1362},YEAR        = {1971}}@INPROCEEDINGS{db:streng,AUTHOR      = {R. Streng}, TITLE       = {Classification and seriation by iterative reordering               of a data matrix}, EDITOR      = {H.-H. Bock  and P. Ihm}, BOOKTITLE   = {Classification,               Data Analysis and Knowledge Organization Models                and Methods with               Applications}, PUBLISHER   = {Springer-Verlag},PAGES       = {121--130},YEAR        = {1991}}@ARTICLE{db:packer,AUTHOR      = {C.V. Packer},TITLE       = {Applying row-column permutation to matrix                representations of large citation networks}, JOURNAL     = {Information Processing and Management}, VOLUME      = {25}, PAGES       = {307--314},YEAR        = {1989}}@ARTICLE{db:march,AUTHOR      = {S.T. March}, TITLE       = {Techniques for structuring database records},JOURNAL     = {Computing Surveys}, VOLUME      = {15}, PAGES       = {45--79},YEAR        = {1983}}@INPROCEEDINGS{db:arabie,AUTHOR     = {P. Arabie and S. Schleutermann and J. Dawes and L. Hubert},TITLE      = {Marketing              applications of sequencing and partitioning of               nonsymmetric and/or              two-mode matrices}, EDITOR     = {W. Gaul and M. Schader}, BOOKTITLE  = {Data, Expert               Knowledge and Decisions},PUBLISHER  = {Springer-Verlag}, PAGES      = {215--224},YEAR       = {1988}}@ARTICLE{db:gale,AUTHOR     = {N. Gale and W.C. Halperin and C.M. Costanzo}, TITLE      = {Unclassed matrix shading and optimal ordering in               hierarchical cluster analysis}, JOURNAL    = {Journal of Classification}, VOLUME     = {1},PAGES      = {75--92},YEAR       = {1984}}@INPROCEEDINGS{db:zha,AUTHOR     = {Hongyuan Zha and C. Ding and Ming Gu and Xiaofeng He and               H. Simon}, TITLE      = {Bipartite graph partitioning and data clustering},  BOOKTITLE   = {Proc. ACM CIKM 2001, 10th       International Conference on Information and Knowledge Management}, PAGES      = {25--31},YEAR       = {2001}}@ARTICLE{db:mur98,AUTHOR     = {F. Murtagh},TITLE      = {Wedding the wavelet transform and multivariate data analysis},JOURNAL    = {Journal of Classification},VOLUME     = {15},PAGES      = {161--183},YEAR       = {1998}}@INPROCEEDINGS{db:chan,AUTHOR     = {K.-P. Chang and A. W.-C. Fu},TITLE      = {Efficient time series matching by wavelets},BOOKTITLE = {Proceedings of the 15th International Conference on              Data Engineering},PAGES     = {126-133},YEAR      = {1999}}@article{nn:balastegui,author    = {A. Balastegui and P. Ruiz-Lapuente and R. Canal},title     = {Reclassification of gamma-ray bursts},journal   = MNRAS,volume    = {328},pages     = {283--290},year      = {2001}}@article{nn:snider,author    = {Snider, S. and Allende Prieto, C. and von Hippel, T. and   Beers, T.C. and Sneden, C. and Qu, Y. and Rossi, S.},title     = {Three-dimensional Spectral Classification of             Low-Metallicity Stars Using Artificial Neural Networks},journal   = ApJ,volume    = {562},pages     = {528--548},year      = {2001}}@ARTICLE{nn:carroll,    author = {Carroll, T.A. and Staude, J.},    title = {The inversion of {S}tokes profiles with artificial              neural networks},    journal = AA,    year = 2001,    volume = 378,    pages = {316--326},}@ARTICLE{nn:cortiglioni,    author = {{Cortiglioni}, F. and {M{\" a}h{\" o}nen}, P. and {Hakala}, P.       and  {Frantti}, T.},    title = {Automated Star-Galaxy Discrimination for Large Surveys},    journal = APJ,    year = 2001,    volume = 556,    pages = {937--943},}@ARTICLE{nn:gleisner,    author = {{Gleisner}, H. and {Lundstedt}, H.},    title = {A neural network-based local model for prediction of      geomagnetic disturbances},    journal = {Journal of Geophysical Research},    year = 2001,    volume = 106,    pages = {8425--8434},}@ARTICLE{nn:bazell,    author = {{Bazell}, D. and {Aha}, D.W.},    title = {Ensembles of Classifiers for Morphological Galaxy      Classification},    journal = APJ,    year = 2001,    volume = 548,    pages = {219--223},}@ARTICLE{nn:lahav96,    author = {{Lahav}, O. and {Naim}, A. and {Sodr{\' e}}, L.    and {Storrie-Lombardi}, M.C.},    title = {Neural computation as a tool for galaxy classification:      methods and examples},    journal = MNRAS,    year = 1996,    volume = 283,    pages = {207},}@article{db:csillaghy1,author = {Csillaghy, A. and Hinterberger, H. and Benz, A.O.}, year   = {2000}, title  = {Content-Based Image Retrieval in Astronomy}, journal = {Information Retrieval},volume  = {3}, pages  = {229--241}}@article{db:csillaghy2,author = {Csillaghy, A. and Benz, A.O.}, year  = {1999}, title = {Interactive Image Retrieval in Astronomy: the {ASPECT} System},journal = {Solar Physics}, volume  = {188}, pages  = {203--216}} @book{db:horowitz,author = {Horowitz, E. and Sahni, S.},title = {Fundamentals of Computer Algorithms},publisher = {Pitman},year = {1978}}