@STRING {AA = "Astronomy and Astrophysics"} @STRING{CVGIP = "CVGIP: Graphical Models and Image Processing"}@STRING{EA = "Experimental Astronomy"}@string {IEEETIT =    "IEEE Transactions on  Information Theory"}@string {IEEETPAMI =  "IEEE Transactions on Pattern Analysis and Machine Intelligence"}@STRING{ITIP = "IEEE Transactions on Image Processing"}@STRING {TC = "IEEE Transactions on Computers"} @ARTICLE{edge:aydin96,AUTHOR     = {T. Aydin and Y. Yemez and E. Anarim and B. Sankur},TITLE      = {Multidirectional and Multiscale Edge Detection via {M}-Band Wavelet Transform},JOURNAL    = ITIP,VOLUME     = {5},PAGES      = {1370--1377},YEAR       = {1996}}@ARTICLE{edge:frei77,AUTHOR     = {W. Frei and C. Chen},TITLE      = {Fast boundary detection: a generalization and a new algorithm},JOURNAL    = TC,VOLUME     = {C-26},PAGES      = {988-998},YEAR       = {1977}}@ARTICLE{edge:marr80,AUTHOR     = {D. Marr and E. Hildreth},TITLE      = {Theory of edge detection},JOURNAL    = {Proceedings of the Royal Society of London B},VOLUME     = {207},PAGES      = {187--217},YEAR       = {1980}}@article {edge:mallat92a, title   = {Singularity detection and processing with wavelets}, author  = {S. Mallat and W. L. Hwang}, journal = IEEETIT, volume  = 38, pages   = {617-643}, year    = {1992}}@article{edge:mallat92b, author   = {S. Mallat and S. Zhong}, title  = {Characterization of Signals from Multiscale Edges}, journal = IEEETPAMI, volume = 14, pages = {710-732}, year    = {1992}}@INPROCEEDINGS{edge:prewitt70,AUTHOR     = {J.M.S. Prewitt},TITLE      = {Object enhancement and Extraction},BOOKTITLE  = {Picture Processing and Psychopictorics},EDITOR     = {B.S. Lipkin and A. Rosenfeld},PUBLISHER  = {Academic Press},YEAR       = {1970}}@INPROCEEDINGS{edge:roberts65,AUTHOR     = {L.G. Roberts},TITLE      = {Machine perception of three-dimensional solids},BOOKTITLE  = {Optical and Electro-Optical Information Processing},EDITOR     = {J.T. Tippett},PUBLISHER  = {MIT Press},YEAR       = {1965}} 