% Version 2001-11-16 FM@STRING {AA = "Astronomy and Astrophysics"} @STRING {AAS = "Astronomy and Astrophysics, Suppl. Ser."}@STRING{EA = "Experimental Astronomy"}@STRING{VA = "Vistas in Astronomy"}@STRING{NA = "New Astronomy"}@STRING{JOSAA = "Journal of the  Optical Society of  America A"}@STRING{PASP = "Publications of the Astronomical Society of the Pacific"}@STRING{STECF = "ST-ECF Newsletter"}@STRING {AJ = "Astrophysical Journal"}@ARTICLE{2000A&A...363..926A,    author = {{Alloin}, D. and {Pantin}, E. and {Lagage}, P.~O. and {Granato}, G.~L.        },    title = "{0.6 resolution images at 11 and 20 mu m  of the active galactic nucleus in NGC 1068}",    journal = AA,    year = 2000,    month = nov,    volume = 363,    pages = {926--932},    url = {http://esoads.eso.org/cgi-bin/nph-bib_query?bibcode=2000A%26A...363..926A&db_key=AST},    adsnote = {Provided by the NASA Astrophysics Data System}     }   @ARTICLE{1994A&A...284.1037B,    author = {{Bontekoe}, T.R. and {Koper}, E. and {Kester}, D.J.M.},    title = {Pyramid maximum entropy images of {IRAS} survey data},    journal = AA,    year = 1994,    month = apr,    volume = 284,    pages = {1037--1053},    url = {http://esoads.eso.org/cgi-bin/nph-bib_query?bibcode=1994A%26A...284.1037B&db_key=AST},    adsnote = {Provided by the NASA Astrophysics Data System}}@ARTICLE{2000Icar..148..384M,    author = {R. Marchis  and R. {Prang{\' e}} and J. Christou},    title = {Adaptive Optics Mapping of {I}o's Volcanism in the Thermal {IR}       (3.8 $\mu$m)},    journal = {Icarus},    year = 2000,    month = dec,    volume = 148,    pages = {384--396},    url = {http://esoads.eso.org/cgi-bin/nph-bib_query?bibcode=2000Icar..148..384M&db_key=AST},    adsnote = {Provided by the NASA Astrophysics Data System}}@ARTICLE{1999A&A...344..499Z,    author = {{Zavagno}, A. and {Lagage}, P.~O. and {Cabrit}, S.},    title = "{Extended mid-infrared emission around the outflow source  and the compact H II region in AFGL 4029}",    journal = AA,    year = 1999,    month = apr,    volume = 344,    pages = {499--504},    url = {http://esoads.eso.org/cgi-bin/nph-bib_query?bibcode=1999A%26A...344..499Z&db_key=AST},    adsnote = {Provided by the NASA Astrophysics Data System}}@ARTICLE{2000A&A...353..887D,    author = {{Doublier}, V. and {Kunth}, D. and {Courbin}, F. and {Magain}, P.        },    title = "{POX 186:  the ultracompact blue compact dwarf galaxy reveals its nature}",    journal = AA,    year = 2000,    month = jan,    volume = 353,    pages = {887--892},    url = {http://esoads.eso.org/cgi-bin/nph-bib_query?bibcode=2000A%26A...353..887D&db_key=AST},    adsnote = {Provided by the NASA Astrophysics Data System}}@ARTICLE{1998A&A...330...57C,    author = {{Courbin}, F. and {Lidman}, C. and {Magain}, P.},    title = "{Detection of the lensing galaxy in HE 1104-1805}",    journal = AA,    year = 1998,    month = feb,    volume = 330,    pages = {57--62},    url = {http://esoads.eso.org/cgi-bin/nph-bib_query?bibcode=1998A%26A...330...57C&db_key=AST},    adsnote = {Provided by the NASA Astrophysics Data System}}@ARTICLE{1999Msngr..97...14C,    author = {{Christou}, J.~C. and {Bonnacini}, D. and {Ageorges}, N. and         {Marchis}, F.},    title = {Myopic deconvolution of Adaptive Optics Images},    journal = {The Messenger},    year = 1999,    month = sep,    volume = 97,    pages = {14--22},    url = {http://esoads.eso.org/cgi-bin/nph-bib_query?bibcode=1999Msngr..97...14C&db_key=AST},    adsnote = {Provided by the NASA Astrophysics Data System}}