@STRING {AA = "Astronomy and Astrophysics"} @STRING {AAS = "Astronomy and Astrophysics, Supplement Series"}@STRING{EA = "Experimental Astronomy"}@STRING{VA = "Vistas in Astronomy"}@STRING{NA = "New Astronomy"}@STRING{JOSAA = "Journal of the  Optical Society of  America A"}@STRING{PASP = "Publications of the Astronomical Society of the Pacific"}@STRING{STECF = "ST-ECF Newsletter"}@STRING {AJ = "Astrophysical Journal"}@STRING {AN = "Astronomical Journal"}@STRING{CVGIP = "Computer Vision, Graphics and Image Processing"}@STRING {TC = "IEEE Transactions on Computers."} @STRING{ASSP = "IEEE Transactions on Acoustics, Speech and Signal Processing"}@STRING{CAS = "IEEE Transactions on Circuits and Systems"}@STRING{COM = "IEEE Transactions on Communications"}@STRING{GRS = "IEEE Transactions on Geoscience and Remote Sensing"}@STRING{ICASSP = "Proc. IEEE Int. Conf. Acoust. Speech., Signal Processing"}@STRING{IT = "IEEE Transactions on Information Theory"}@STRING{ITSP = "IEEE Transactions on Signal Processing"}@STRING{ITIP = "IEEE Transactions on Image Processing"}@STRING{JFr = "J. Franklin Institute"}@STRING{JOSA = "J. Opt. Soc. Amer."}@STRING{MJ = "Mathematical Geology."}@STRING{PAIAA = "Proc Amer Inst Aeronautics And Astronautics 8th Annual Meeting"}@STRING{PAMI = "IEEE Transactions on Pattern Analysis and Machine Intelligence"}@STRING{PERS = "Photogrammetric Engineering and Remote Sensing"}@STRING{IJRS = "International Journal of Remote Sensing"}@STRING{IBM = "IBM J. Res. \& Develop."}@STRING{SP = "Signal Processing"}@STRING{ARAA = "Annual Review of Astronomy and Astrophysics"}@STRING {JASA = "Journal of the American Statistical Association"}@string {IEEETSP = "IEEE Transactions on Signal Processing"}@string {IEEETCSVT = "IEEE Trans. on Circ. and Syst. for Video Tech."}@STRING {JASA = "Journal of the American Statistical Association"}@book{fionn:parker96,   author =     {J.R. Parker},   title =      {Algorithms for Image Processing and Computer Vision},   publisher =  {Wiley},   year =       {1996}}@book{fionn:castleman95,   author =     {K.R. Castleman},   title =      {Digital Image Processing},   publisher =  {Prentice-Hall},   year =       {1995}}@book{fionn:petrou99,   author =     {M. Petrou and P. Bosdogianni},   title =      {Image Processing: The Fundamentals},   publisher =  {Wiley},   year =       {1999}}@book{fionn:bovic00,   author =     {A. Bovik},   title =      {Handbook of Image and Video Processing},   publisher =  {Academic},   year =       {2000}}@misc{fionn:campbell,   author = {J.G. Campbell and F. Murtagh},    howpublished = {Image Processing and Pattern      Recognition, online book, http://www.qub.ac.uk/ivs/resour.html},   year =       {2001}}@book{fionn:bishop95,   author =     {C.M. Bishop},   title =      {Neural Networks and Pattern Recognition},   publisher =  {Oxford University Press},   year =       {1995}}@book{fionn:ripley95,   author =     {B.D. Ripley},   title =      {Pattern Recognition and Neural Networks},   publisher =  {Cambridge  University Press},   year =       {1995}}@ARTICLE{fionn:marr78,  AUTHOR     = {D. Marr and T. Poggio and S. Ullman},  JOURNAL    =  {Journal of the Optical Society of America},  TITLE     = {Bandpass channels, zero-crossings,              and early visual information processing'},  VOLUME    = {69},  PAGES     = {914--916},  YEAR       = {1978}}@ARTICLE{fionn:larson84,    author = {{Larson}, S.~M. and {Sekanina}, Z.},    title = "{Coma morphology and dust-emission pattern of periodic Comet Halley. I - High-resolution images taken at Mount Wilson in 1910}",    journal = AN,    year = 1984,    month = apr,    volume = 89,    pages = {571--578},    url = {http://cdsads.u-strasbg.fr/cgi-bin/nph-bib_query?bibcode=1984AJ.....89..571L&db_key=AST},    adsnote = {Provided by the NASA Astrophysics Data System}}@ARTICLE{fionn:hearn86,    author = { M.F.S A'Hearn and S. Hoban and P.V. Birch and C.  Bowers and R. Martin and D.A. Klinglesmith III},    title = {Cyanogen jets in comet {Halley}},    journal = {Nature},    year = 1986,    volume = 324,    pages = {649--651}}@ARTICLE{fionn:boehnhard92,    author = {{Boehnhardt}, H. and {Kohoutek}, L.},    title = "{Jets in the coma of Comet P/Halley in mid-April 1986}",    journal = {Icarus},    year = 1992,    month = sep,    volume = 99,    pages = {106--114}}@ARTICLE{fionn:shea01,    author = {{O'Shea}, E. and {Banerjee}, D. and {Doyle}, J.~G. and {Fleck}, B. and         {Murtagh}, F.},    title = "{Active region oscillations}",    journal = AA,    year = 2001,    month = mar,    volume = 368,    pages = {1095--1107},    url = {http://cdsads.u-strasbg.fr/cgi-bin/nph-bib_query?bibcode=2001A%26A...368.1095O&db_key=AST},    adsnote = {Provided by the NASA Astrophysics Data System}}@book{fionn:chaisson98,   author =     {E.J. Chaisson},   title =      {The Hubble Wars},   publisher =  {Harvard   University Press},   year =       {1998}}@INPROCEEDINGS{starck:daubos99,AUTHOR     = {T. Daubos and Z. Geradts and J.L. Starck and  J. Campbell and F. Murtagh},TITLE      = {Improving Video Image Quality usinf Automated Wavelet-Based Image Addition},BOOKTITLE  = {SPIE conference on Signal and Image Processing: Wavelet Applications in Signal and Image Processing VII, Denvers, 18-23 July},YEAR       = {1999}} @INPROCEEDINGS{fionn:white91,  AUTHOR       = {R.L. White},  TITLE      = {Restoration of images and spectra from the {Hubble Space Telescope}},  PUBLISHER    = {Johns Hopkins University},  BOOKTITLE    = {Proc. 25th Annual Conference on Information                   Sciences and Systems},  YEAR         = {1991}}@PROCEEDINGS{fionn:white91b,    editor = {{White}, R.~L. and {Allen}, R.~J.},    title = "{The restoration of HST images and spectra}",    booktitle = {Proceedings of a workshop held at the Space Telescope Science Institute, Baltimore, Maryland, August 20-21, 1990, Baltimore: Space Telescope Science Institute, 1991, edited by White, R.L.; Allen, R.J.},    year = 1991,    url = {http://cdsads.u-strasbg.fr/cgi-bin/nph-bib_query?bibcode=1991rhis.conf.....W&db_key=AST},    adsnote = {Provided by the NASA Astrophysics Data System}}@PROCEEDINGS{fionn:hanisch94,    editor = {{Hanisch}, R.~J. and {White}, R.~L.},    title = "{The restoration of HST images and spectra - II}",    booktitle = {Proceedings of a workshop held at the Space Telescope Science Institute, Baltimore, Maryland, USA, 18-19 November 1993, Baltimore: Space Telescope Science Institute, |c1994, edited by Hanisch, Robert J.; White, Richard L.},    year = 1994,    url = {http://cdsads.u-strasbg.fr/cgi-bin/nph-bib_query?bibcode=1994rhis.conf.....H&db_key=AST},    adsnote = {Provided by the NASA Astrophysics Data System}}@PROCEEDINGS{fionn:hanisch91,    editor = {R.J. Hanisch},    title = "{Linear restoration techniques: not all bad}",    booktitle = {Proceedings of a workshop held at the Space Telescope Science Institute, Baltimore, Maryland, August 20-21, 1990, Baltimore: Space Telescope Science Institute, 1991, edited by White, R.L.; Allen, R.J.},    year = 1991,    pages = {127--131},    url = {http://cdsads.u-strasbg.fr/cgi-bin/nph-bib_query?bibcode=1991rhis.conf.....W&db_key=AST},    adsnote = {Provided by the NASA Astrophysics Data System}}@ARTICLE{2002A&A...386...69F,    author = {{Faure}, C. and {Courbin}, F. and {Kneib}, J.~P. and {Alloin}, D. and 	{Bolzonella}, M. and {Burud}, I.},    title = "{The lensing system towards the doubly imaged quasar SBS 1520+530}",    journal = {\aap},    year = 2002,    month = apr,    volume = 386,    pages = {69--76},    url = {http://adsabs.harvard.edu/cgi-bin/nph-bib_query?bibcode=2002A%26A...386...69F&db_key=AST},    adsnote = {Provided by the NASA Astrophysics Data System}}@ARTICLE{2002ApJ...566..675R,    author = {{Radomski}, J.~T. and {Pi{\~ n}a}, R.~K. and {Packham}, C. and 	{Telesco}, C.~M. and {Tadhunter}, C.~N.},    title = "{High-Resolution Mid-Infrared Morphology of Cygnus A}",    journal = {\apj},    year = 2002,    month = feb,    volume = 566,    pages = {675--681},    url = {http://adsabs.harvard.edu/cgi-bin/nph-bib_query?bibcode=2002ApJ...566..675R&db_key=AST},    adsnote = {Provided by the NASA Astrophysics Data System}}@ARTICLE{2002A&A...383...71B,    author = {{Burud}, I. and {Courbin}, F. and {Magain}, P. and {Lidman}, C. and 	{Hutsem{\' e}kers}, D. and {Kneib}, J.-P. and {Hjorth}, J. and 	{Brewer}, J. and {Pompei}, E. and {Germany}, L. and {Pritchard}, J. and 	{Jaunsen}, A.~O. and {Letawe}, G. and {Meylan}, G.},    title = "{An optical time-delay for the lensed BAL quasar HE 2149-2745}",    journal = {\aap},    year = 2002,    month = jan,    volume = 383,    pages = {71--81},    url = {http://adsabs.harvard.edu/cgi-bin/nph-bib_query?bibcode=2002A%26A...383...71B&db_key=AST},    adsnote = {Provided by the NASA Astrophysics Data System}}@ARTICLE{2001Icar..154..501C,    author = {{Coustenis}, A. and {Gendron}, E. and {Lai}, O. and {V{\' e}ran}, J. and 	{Woillez}, J. and {Combes}, M. and {Vapillon}, L. and {Fusco}, T. and 	{Mugnier}, L. and {Rannou}, P.},    title = "{Images of Titan at 1.3 and 1.6 \&mu;m with Adaptive Optics at the CFHT}",    journal = {Icarus},    year = 2001,    month = dec,    volume = 154,    pages = {501--515},    url = {http://adsabs.harvard.edu/cgi-bin/nph-bib_query?bibcode=2001Icar..154..501C&db_key=AST},    adsnote = {Provided by the NASA Astrophysics Data System}}@article{fionn:adorf95,author = {H.M. Adorf and R.N. Hook and L.B. Lucy}, title = {{HST} image restoration developments at the {ST-ECF}},journal = {International Journal of Imaging Systems and Technology},volume = {6},pages = {339--349},year = {1995}}