@STRING {AA = "Astronomy and Astrophysics"} @STRING {AAS = "Astronomy and Astrophysics, Supplement Series"}@STRING{EA = "Experimental Astronomy"}@STRING{VA = "Vistas in Astronomy"}@STRING{NA = "New Astronomy"}@STRING{JOSAA = "Journal of the  Optical Society of  America A"}@STRING{PASP = "Publications of the Astronomical Society of the Pacific"}@STRING{STECF = "ST-ECF Newsletter"}@STRING {AJ = "Astrophysical Journal"}@STRING {AJL = "Astrophysical Journal Letter"}@STRING{CVGIP = "Computer Vision, Graphics and Image Processing"}@STRING {TC = "IEEE Transactions on Computers."} @STRING{ASSP = "IEEE Transactions on Acoustics, Speech and Signal Processing"}@STRING{CAS = "IEEE Transactions on Circuits and Systems"}@STRING{COM = "IEEE Transactions on Communications"}@STRING{GRS = "IEEE Transactions on Geoscience and Remote Sensing"}@STRING{ICASSP = "Proc. IEEE Int. Conf. Acoust. Speech., Signal Processing"}@STRING{IT = "IEEE Transactions on Information Theory"}@STRING{ITSP = "IEEE Transactions on Signal Processing"}@STRING{ITIP = "IEEE Transactions on Image Processing"}@STRING{JFr = "J. Franklin Institute"}@STRING{JOSA = "Journal of the  Optical Society of America"}@STRING{MJ = "Mathematical Geology"}@STRING{PAIAA = "Proc Amer Inst Aeronautics And Astronautics 8th Annual Meeting"}@STRING{PAMI = "IEEE Transactions on Pattern Analysis and Machine Intelligence"}@STRING{PERS = "Photogrammetric Engineering and Remote Sensing"}@STRING{IJRS = "International Journal of Remote Sensing"}@STRING{IBM = "IBM J. Res. \& Develop."}@STRING{SP = "Signal Processing"}@STRING{ARAA = "Annual Review of Astronomy and Astrophysics"}@STRING {JASA = "Journal of the American Statistical Association"}@string {IEEETSP = "IEEE Transactions on Signal Processing"}@string {IEEETCSVT = "IEEE Trans. on Circ. and Syst. for Video Tech."}@STRING {JASA = "Journal of the American Statistical Association"}@STRING {MNRAS = "Monthly Notices of the Royal Astronomical Society"}@STRING {PRD = "Phys. Rev. D"}@STRING {AN = "Astronomical Journal"}@STRING {AJS = "Astrophysical Journal, Supplement Series"}@ARTICLE{gauss:vio02,   author = {{Vio}, R. and {Tenorio}, L. and {Wamsteker}, W.},    title = "{On optimal detection of point sources in CMB maps}",  journal = AA,     year = 2002,    month = aug,   volume = 391,    pages = {789-794},   adsurl = {http://cdsads.u-strasbg.fr/cgi-bin/nph-bib_query?bibcode=2002A%26A...391..789V&db_key=AST},  adsnote = {Provided by the NASA Astrophysics Data System}}@ARTICLE{gauss:cayon00,   author = {{Cay{\' o}n}, L. and {Sanz}, J.~L. and {Barreiro}, R.~B. and 	{Mart{\'{\i}}nez-Gonz{\' a}lez}, E. and {Vielva}, P. and {Toffolatti}, L. and 	{Silk}, J. and {Diego}, J.~M. and {Arg{\" u}eso}, F.},    title = "{Isotropic wavelets: a powerful tool to extract point sources from cosmic microwave background maps}",  journal = MNRAS,     year = 2000,    month = jul,   volume = 315,    pages = {757-761},   adsurl = {http://cdsads.u-strasbg.fr/cgi-bin/nph-bib_query?bibcode=2000MNRAS.315..757C&db_key=AST},  adsnote = {Provided by the NASA Astrophysics Data System}}@ARTICLE{gauss:sanz01,   author = {{Sanz}, J.~L. and {Herranz}, D. and {Mart{\'{\i}}nez-G{\' o}nzalez}, E.	},    title = "{Optimal Detection of Sources on a Homogeneous and Isotropic Background}",  journal = AJ,     year = 2001,    month = may,   volume = 552,    pages = {484-492},   adsurl = {http://cdsads.u-strasbg.fr/cgi-bin/nph-bib_query?bibcode=2001ApJ...552..484S&db_key=AST},  adsnote = {Provided by the NASA Astrophysics Data System}}@ARTICLE{gauss:sanz05,   author = {{L{\' o}pez-Caniego}, M. and {Herranz}, D. and {Barreiro}, R.~B. and 	{Sanz}, J.~L.},    title = "{Filter design for the detection of compact sources based on the Neyman-Pearson detector}",  journal =  MNRAS,     year = 2005,    month = apr,    pages = {368-+},   adsurl = {http://cdsads.u-strasbg.fr/cgi-bin/nph-bib_query?bibcode=2005MNRAS.tmp..368L&db_key=AST},  adsnote = {Provided by the NASA Astrophysics Data System}}@ARTICLE{gauss:cruz05,   author = {{Cruz}, M. and {Mart{\'{\i}}nez-Gonz{\' a}lez}, E. and {Vielva}, P. and 	{Cay{\' o}n}, L.},    title = "{Detection of a non-Gaussian spot in WMAP}",  journal = MNRAS,     year = 2005,    month = jan,   volume = 356,    pages = {29-40},   adsurl = {http://cdsads.u-strasbg.fr/cgi-bin/nph-bib_query?bibcode=2005MNRAS.356...29C&db_key=AST},  adsnote = {Provided by the NASA Astrophysics Data System}}@ARTICLE{gauss:pia04,   author = {{Mukherjee}, P. and {Wang}, Y.},    title = "{Wavelets and Wilkinson Microwave Anisotropy Probe Non-Gaussianity}",  journal = AJ,     year = 2004,    month = sep,   volume = 613,    pages = {51-60},   adsurl = {http://cdsads.u-strasbg.fr/cgi-bin/nph-bib_query?bibcode=2004ApJ...613...51M&db_key=AST},  adsnote = {Provided by the NASA Astrophysics Data System}}@ARTICLE{gauss:vielva04,   author = {{Vielva}, P. and {Mart{\'{\i}}nez-Gonz{\' a}lez}, E. and {Barreiro}, R.~B. and 	{Sanz}, J.~L. and {Cay{\' o}n}, L.},    title = "{Detection of Non-Gaussianity in the Wilkinson Microwave Anisotropy Probe First-Year Data Using Spherical Wavelets}",  journal = AJ,     year = 2004,    month = jul,   volume = 609,    pages = {22-34},   adsurl = {http://cdsads.u-strasbg.fr/cgi-bin/nph-bib_query?bibcode=2004ApJ...609...22V&db_key=AST},  adsnote = {Provided by the NASA Astrophysics Data System}}@ARTICLE{gauss:aliaga03,   author = {{Aliaga}, A.~M. and {Mart{\'{\i}}nez-Gonz{\' a}lez}, E. and 	{Cay{\' o}n}, L. and {Arg{\" u}eso}, F. and {Sanz}, J.~L. and 	{Barreiro}, R.~B. and {Gallegos}, J.~E.},    title = "{Tests of Gaussianity}",  journal = {New Astronomy Review},     year = 2003,    month = dec,   volume = 47,    pages = {907-913},   adsurl = {http://cdsads.u-strasbg.fr/cgi-bin/nph-bib_query?bibcode=2003NewAR..47..907A&db_key=AST},  adsnote = {Provided by the NASA Astrophysics Data System}}@ARTICLE{gauss:luo94,    author = {{Luo}, X.},    title = "{The angular bispectrum of the cosmic microwave background}",    journal = AJL,    year = 1994,    month = jun,    volume = 427,    pages = {L71-L74},    adsurl = {http://adsabs.harvard.edu/cgi-bin/nph-bib_query?bibcode=1994ApJ...427L..71L&amp;db_key=AST},    adsnote = {Provided by the NASA Astrophysics Data System}}@ARTICLE{gauss:jaffe94,    author = {{Jaffe}, A.~H.},    title = "{Quasilinear evolution of compensated cosmological perturbations: The nonlinear {$\sigma$} model}",    journal = PRD,    year = 1994,    month = apr,    volume = 49,    pages = {3893-3909},    adsurl = {http://adsabs.harvard.edu/cgi-bin/nph-bib_query?bibcode=1994PhRvD..49.3893J&amp;db_key=AST},    adsnote = {Provided by the NASA Astrophysics Data System}}@ARTICLE{gauss:gangui94,    author = {{Gangui}, A. and {Lucchin}, F. and {Matarrese}, S. and {Mollerach}, S.	},    title = "{The three-point correlation function of the cosmic microwave background in inflationary models}",    journal = AJ,    year = 1994,    month = aug,    volume = 430,    pages = {447-457},    adsurl = {http://adsabs.harvard.edu/cgi-bin/nph-bib_query?bibcode=1994ApJ...430..447G&amp;db_key=AST},    adsnote = {Provided by the NASA Astrophysics Data System}}@ARTICLE{gauss:bennett03,    author = {{Bennett}, C.~L. and {Hill}, R.~S. and {Hinshaw}, G. and {Nolta}, M.~R. and 	{Odegard}, N. and {Page}, L. and {Spergel}, D.~N. and {Weiland}, J.~L. and 	{Wright}, E.~L. and {Halpern}, M. and {Jarosik}, N. and {Kogut}, A. and 	{Limon}, M. and {Meyer}, S.~S. and {Tucker}, G.~S. and {Wollack}, E.	},    title = "{First-Year Wilkinson Microwave Anisotropy Probe (WMAP) Observations: Foreground Emission}",    journal = AJS,    year = 2003,    month = sep,    volume = 148,    pages = {97-117},    adsurl = {http://adsabs.harvard.edu/cgi-bin/nph-bib_query?bibcode=2003ApJS..148...97B&amp;db_key=AST},    adsnote = {Provided by the NASA Astrophysics Data System}}@ARTICLE{gauss:benoit03,    author = {{Beno{\^ i}t}, A. and {Ade}, P. and {Amblard}, A. and {Ansari}, R. and 	{Aubourg}, {\' E}. and {Bargot}, S. and {Bartlett}, J.~G. and 	{Bernard}, J.-P. and {Bhatia}, R.~S. and {Blanchard}, A. and 	{Bock}, J.~J. and {Boscaleri}, A. and {Bouchet}, F.~R. and {Bourrachot}, A. and 	{Camus}, P. and {Couchot}, F. and {de Bernardis}, P. and {Delabrouille}, J. and 	{D{\' e}sert}, F.-X. and {Dor{\' e}}, O. and {Douspis}, M. and 	{Dumoulin}, L. and {Dupac}, X. and {Filliatre}, P. and {Fosalba}, P. and 	{Ganga}, K. and {Gannaway}, F. and {Gautier}, B. and {Giard}, M. and 	{Giraud-H{\' e}raud}, Y. and {Gispert}, R. and {Guglielmi}, L. and 	{Hamilton}, J.-C. and {Hanany}, S. and {Henrot-Versill{\' e}}, S. and 	{Kaplan}, J. and {Lagache}, G. and {Lamarre}, J.-M. and {Lange}, A.~E. and 	{Mac{\'{\i}}as-P{\' e}rez}, J.~F. and {Madet}, K. and {Maffei}, B. and 	{Magneville}, C. and {Marrone}, D.~P. and {Masi}, S. and {Mayet}, F. and 	{Murphy}, A. and {Naraghi}, F. and {Nati}, F. and {Patanchon}, G. and 	{Perrin}, G. and {Piat}, M. and {Ponthieu}, N. and {Prunet}, S. and 	{Puget}, J.-L. and {Renault}, C. and {Rosset}, C. and {Santos}, D. and 	{Starobinsky}, A. and {Strukov}, I. and {Sudiwala}, R.~V. and 	{Teyssier}, R. and {Tristram}, M. and {Tucker}, C. and {Vanel}, J.-C. and 	{Vibert}, D. and {Wakui}, E. and {Yvon}, D.},    title = "{The cosmic microwave background anisotropy power spectrum measured by Archeops}",    journal = AA,    year = 2003,    month = mar,    volume = 399,    pages = {L19-L23},    adsurl = {http://adsabs.harvard.edu/cgi-bin/nph-bib_query?bibcode=2003A%26A...399L..19B&amp;db_key=AST},    adsnote = {Provided by the NASA Astrophysics Data System}}@ARTICLE{gauss:halverson02,    author = {{Halverson}, N.~W. and {Leitch}, E.~M. and {Pryke}, C. and {Kovac}, J. and 	{Carlstrom}, J.~E. and {Holzapfel}, W.~L. and {Dragovan}, M. and 	{Cartwright}, J.~K. and {Mason}, B.~S. and {Padin}, S. and {Pearson}, T.~J. and 	{Readhead}, A.~C.~S. and {Shepherd}, M.~C.},    title = "{Degree Angular Scale Interferometer First Results: A Measurement of the Cosmic Microwave Background Angular Power Spectrum}",    journal = AJ,    year = 2002,    month = mar,    volume = 568,    pages = {38-45},    adsurl = {http://adsabs.harvard.edu/cgi-bin/nph-bib_query?bibcode=2002ApJ...568...38H&amp;db_key=AST},    adsnote = {Provided by the NASA Astrophysics Data System}}@ARTICLE{gauss:hanany00,    author = {{Hanany}, S. and {Ade}, P. and {Balbi}, A. and {Bock}, J. and 	{Borrill}, J. and {Boscaleri}, A. and {de Bernardis}, P. and 	{Ferreira}, P.~G. and {Hristov}, V.~V. and {Jaffe}, A.~H. and 	{Lange}, A.~E. and {Lee}, A.~T. and {Mauskopf}, P.~D. and {Netterfield}, C.~B. and 	{Oh}, S. and {Pascale}, E. and {Rabii}, B. and {Richards}, P.~L. and 	{Smoot}, G.~F. and {Stompor}, R. and {Winant}, C.~D. and {Wu}, J.~H.~P.	},    title = "{MAXIMA-1: A Measurement of the Cosmic Microwave Background Anisotropy on Angular Scales of 10'-5 degrees}",    journal = AJL,    year = 2000,    month = dec,    volume = 545,    pages = {L5-L9},    adsurl = {http://adsabs.harvard.edu/cgi-bin/nph-bib_query?bibcode=2000ApJ...545L...5H&amp;db_key=AST},    adsnote = {Provided by the NASA Astrophysics Data System}}@ARTICLE{gauss:miller99,    author = {{Miller}, A.~D. and {Caldwell}, R. and {Devlin}, M.~J. and {Dorwart}, W.~B. and 	{Herbig}, T. and {Nolta}, M.~R. and {Page}, L.~A. and {Puchalla}, J. and 	{Torbet}, E. and {Tran}, H.~T.},    title = "{A Measurement of the Angular Power Spectrum of the Cosmic Microwave Background from L = 100 to 400}",    journal = AJL,    year = 1999,    month = oct,    volume = 524,    pages = {L1-L4},    adsurl = {http://adsabs.harvard.edu/cgi-bin/nph-bib_query?bibcode=1999ApJ...524L...1M&amp;db_key=AST},    adsnote = {Provided by the NASA Astrophysics Data System}}@ARTICLE{gauss:bernardis00,    author = {{de Bernardis}, P. and {Ade}, P.~A.~R. and {Bock}, J.~J. and 	{Bond}, J.~R. and {Borrill}, J. and {Boscaleri}, A. and {Coble}, K. and 	{Crill}, B.~P. and {De Gasperis}, G. and {Farese}, P.~C. and 	{Ferreira}, P.~G. and {Ganga}, K. and {Giacometti}, M. and {Hivon}, E. and 	{Hristov}, V.~V. and {Iacoangeli}, A. and {Jaffe}, A.~H. and 	{Lange}, A.~E. and {Martinis}, L. and {Masi}, S. and {Mason}, P.~V. and 	{Mauskopf}, P.~D. and {Melchiorri}, A. and {Miglio}, L. and 	{Montroy}, T. and {Netterfield}, C.~B. and {Pascale}, E. and 	{Piacentini}, F. and {Pogosyan}, D. and {Prunet}, S. and {Rao}, S. and 	{Romeo}, G. and {Ruhl}, J.~E. and {Scaramuzzi}, F. and {Sforna}, D. and 	{Vittorio}, N.},    title = "{A flat Universe from high-resolution maps of the cosmic microwave background radiation}",    journal = {Nature},    year = 2000,    month = apr,    volume = 404,    pages = {955-959},    adsurl = {http://adsabs.harvard.edu/cgi-bin/nph-bib_query?bibcode=2000Natur.404..955D&amp;db_key=AST},    adsnote = {Provided by the NASA Astrophysics Data System}}@ARTICLE{gauss:smoot92,    author = {{Smoot}, G.~F. and {Bennett}, C.~L. and {Kogut}, A. and {Wright}, E.~L. and 	{Aymon}, J. and {Boggess}, N.~W. and {Cheng}, E.~S. and {de Amici}, G. and 	{Gulkis}, S. and {Hauser}, M.~G. and {Hinshaw}, G. and {Jackson}, P.~D. and 	{Janssen}, M. and {Kaita}, E. and {Kelsall}, T. and {Keegstra}, P. and 	{Lineweaver}, C. and {Loewenstein}, K. and {Lubin}, P. and {Mather}, J. and 	{Meyer}, S.~S. and {Moseley}, S.~H. and {Murdock}, T. and {Rokke}, L. and 	{Silverberg}, R.~F. and {Tenorio}, L. and {Weiss}, R. and {Wilkinson}, D.~T.	},    title = "{Structure in the COBE differential microwave radiometer first-year maps}",    journal = AJL,    year = 1992,    month = sep,    volume = 396,    pages = {L1-L5},    adsurl = {http://adsabs.harvard.edu/cgi-bin/nph-bib_query?bibcode=1992ApJ...396L...1S&amp;db_key=AST},    adsnote = {Provided by the NASA Astrophysics Data System}}@ARTICLE{gauss:fixsen96,    author = {{Fixsen}, D.~J. and {Cheng}, E.~S. and {Cottingham}, D.~A. and 	{Folz}, W.~C. and {Inman}, C.~A. and {Kowitt}, M.~S. and {Meyer}, S.~S. and 	{Page}, L.~A. and {Puchalla}, J.~L. and {Ruhl}, J.~E. and {Silverberg}, R.~F.	},    title = "{A Balloon-borne Millimeter-Wave Telescope for Cosmic Microwave Background Anisotropy Measurements}",    journal = AJ,    year = 1996,    month = oct,    volume = 470,    pages = {63-+},    adsurl = {http://adsabs.harvard.edu/cgi-bin/nph-bib_query?bibcode=1996ApJ...470...63F&amp;db_key=AST},    adsnote = {Provided by the NASA Astrophysics Data System}}@ARTICLE{gauss:penzias65,    author = {{Penzias}, A.~A. and {Wilson}, R.~W.},    title = "{Measurement of the Flux Density of CAS a at 4080 Mc/s.}",    journal = AJ,    year = 1965,    month = oct,    volume = 142,    pages = {1149-+},    adsurl = {http://adsabs.harvard.edu/cgi-bin/nph-bib_query?bibcode=1965ApJ...142.1149P&amp;db_key=AST},    adsnote = {Provided by the NASA Astrophysics Data System}}@ARTICLE{gauss:aghanim03,    author = {{Aghanim}, N. and {Kunz}, M. and {Castro}, P.~G. and {Forni}, O.	},    title = "{Non-Gaussianity: Comparing wavelet and Fourier based methods}",    journal = AA,    year = 2003,    month = aug,    volume = 406,    pages = {797-816},    adsurl = {http://adsabs.harvard.edu/cgi-bin/nph-bib_query?bibcode=2003A%26A...406..797A&amp;db_key=AST},    adsnote = {Provided by the NASA Astrophysics Data System}}@TECHREPORT{DJ04b,   author =       {D. L.  Donoho  and J. Jin},   title =        { Optimality of excess kurtosis for detecting a non-Gaussian component in high-dimensional random vectors},   INSTITUTION = {Stanford University},  YEAR        = {2004}}@ARTICLE{gauss:lin02,    author = {Donoho, D. and Jin, J.},    title = {Higher Criticism for Detecting Sparse Heterogeneous Mixtures},    journal = { Ann. Statist.} ,    Volume = {32},    Number = {3},    pages = {962- 994},    year = {2004}}@ARTICLE{Jin2004,    author = {J. Jin},    title = {Detecting a target in very noisy data from multiple looks},    journal = {{IMS}  Lecture Notes Monograph} ,    Volume = {45},    pages = {1-32},    year = {2004}}@ARTICLE{gauss:hill75,    author = {Hill, B.M.},    title = "A simple general approach to inference about the tail of a distribution",    journal = {Ann. Statist.},    volume = 3,    pages = {1163-1174},    year = 1975}@ARTICLE{Ingster1999,    author = {Y. I. Ingster},    title = "Minimax detection of a signal for $l^p_n$-balls",    journal = {Math. Methods Statist},    volume = 7,    pages = {401-428},    year = 1999}@ARTICLE{gauss:kunz01,    author = {{Kunz}, M. and {Banday}, A.~J. and {Castro}, P.~G. and {Ferreira}, P.~G. and         {G{\' o}rski}, K.~M.},    title = "{The Trispectrum of the 4 Year COBE DMR Data}",    journal = AJL,    year = 2001,    month = dec,    volume = 563,    pages = {L99--L102},    url = {http://cdsads.u-strasbg.fr/cgi-bin/nph-bib_query?bibcode=2001ApJ...563L..99K&db_key=AST},    adsnote = {Provided by the NASA Astrophysics Data System}}@ARTICLE{gauss:bouchet00,author = {{Bouchet}, F.~R. and {Peter}, P. and {Riazuelo}, A. and {Sakellariadou}, M.        },    title = "{Evidence against or for topological defects in the BOOMERanG data?}",    journal = PRD,    year = 2002,    month = jan,    volume = 65,    pages = {21301-+},    adsurl = {http://cdsads.u-strasbg.fr/cgi-bin/nph-bib_query?bibcode=2002PhRvD..65b1301B&db_key=AST},    adsnote = {Provided by the NASA Astrophysics Data System}}@ARTICLE{gauss:aghanim01b,    author = {{Aghanim}, N. and {G{\' o}rski}, K.~M. and {Puget}, J.-L.},    title = "{How accurately can the SZ effect measure peculiar cluster velocities and bulk flows?}",    journal = AA,    year = 2001,    month = jul,    volume = 374,    pages = {1--12},    url = {http://cdsads.u-strasbg.fr/cgi-bin/nph-bib_query?bibcode=2001A%26A...374....1A&db_key=AST},    adsnote = {Provided by the NASA Astrophysics Data System}}@ARTICLE{gauss:bouchet88,    author = {{Bouchet}, F.~R. and {Bennett}, D.~P. and {Stebbins}, A.},    title = "{Patterns of the cosmic microwave background from evolving string networks}",    journal = {Nature},    year = 1988,    month = sep,    volume = 335,    pages = {410--414},    url = {http://cdsads.u-strasbg.fr/cgi-bin/nph-bib_query?bibcode=1988Natur.335..410B&db_key=AST},    adsnote = {Provided by the NASA Astrophysics Data System}}@ARTICLE{gauss:shandarin02,    author = {{Shandarin}, S.~F.},    title = "{Testing non-Gaussianity in cosmic microwave background maps by morphological statistics}",    journal = MNRAS,    year = 2002,    month = apr,    volume = 331,    pages = {865+},    url = {http://cdsads.u-strasbg.fr/cgi-bin/nph-bib_query?bibcode=2002MNRAS.331..865S&db_key=AST},    adsnote = {Provided by the NASA Astrophysics Data System}}@ARTICLE{gauss:phillips01,    author = {{Phillips}, N.~G. and {Kogut}, A.},    title = "{Statistical Power, the Bispectrum, and the Search for Non-Gaussianity in the Cosmic Microwave Background Anisotropy}",    journal = AJ,    year = 2001,    month = feb,    volume = 548,    pages = {540--549},    url = {http://cdsads.u-strasbg.fr/cgi-bin/nph-bib_query?bibcode=2001ApJ...548..540P&db_key=AST},    adsnote = {Provided by the NASA Astrophysics Data System}}@ARTICLE{gauss:barreiro01_1,    author = {{Barreiro}, R.~B. and {Mart{\' i}nez-Gonz{\' a}lez}, E. and         {Sanz}, J.~L.},    title = "{Geometrical estimators as a test of Gaussianity in the cosmic microwave background}",    journal = MNRAS,    year = 2001,    month = apr,    volume = 322,    pages = {411--418},    url = {http://cdsads.u-strasbg.fr/cgi-bin/nph-bib_query?bibcode=2001MNRAS.322..411B&db_key=AST},    adsnote = {Provided by the NASA Astrophysics Data System}}@ARTICLE{gauss:barreiro01,    author = {{Barreiro}, R.~B. and {Hobson}, M.~P.},    title = "{The discriminating power of wavelets to detect non-Gaussianity in the cosmic microwave background}",    journal = MNRAS,    year = 2001,    month = nov,    volume = 327,    pages = {813--828},    url = {http://cdsads.u-strasbg.fr/cgi-bin/nph-bib_query?bibcode=2001MNRAS.327..813B&db_key=AST},    adsnote = {Provided by the NASA Astrophysics Data System}}@ARTICLE{gauss:jewell01,    author = {{Jewell}, J.},    title = "{A Statistical Characterization of Galactic Dust Emission as a Non-Gaussian Foreground of the Cosmic Microwave Background}",    journal = AJ,    year = 2001,    month = aug,    volume = 557,    pages = {700--713},    url = {http://cdsads.u-strasbg.fr/cgi-bin/nph-bib_query?bibcode=2001ApJ...557..700J&db_key=AST},    adsnote = {Provided by the NASA Astrophysics Data System}}@ARTICLE{gauss:cayon01,    author = {{Cay{\' o}n}, L. and {Sanz}, J.~L. and {Mart{\' i}nez-Gonz{\' a}lez}, E. and         {Banday}, A.~J. and {Arg{\" u}eso}, F. and {Gallegos}, J.~E. and         {G{\' o}rski}, K.~M. and {Hinshaw}, G.},    title = "{Spherical Mexican hat wavelet: an application to detect non-Gaussianity in the COBE-DMR maps}",    journal = MNRAS,    year = 2001,    month = oct,    volume = 326,    pages = {1243--1248},    url = {http://cdsads.u-strasbg.fr/cgi-bin/nph-bib_query?bibcode=2001MNRAS.326.1243C&db_key=AST},    adsnote = {Provided by the NASA Astrophysics Data System}}@ARTICLE{gauss:novikov00,    author = {{Novikov}, D. and {Schmalzing}, J. and {Mukhanov}, V.~F.},    title = "{On non-Gaussianity in the cosmic microwave background}",    journal = AA,    year = 2000,    month = dec,    volume = 364,    pages = {17--25},    url = {http://cdsads.u-strasbg.fr/cgi-bin/nph-bib_query?bibcode=2000A%26A...364...17N&db_key=AST},    adsnote = {Provided by the NASA Astrophysics Data System}}@ARTICLE{gauss:verde00,    author = {{Verde}, L. and {Wang}, L. and {Heavens}, A.~F. and {Kamionkowski}, M.        },    title = "{Large-scale structure, the cosmic microwave background and primordial non-Gaussianity}",    journal = MNRAS,    year = 2000,    month = mar,    volume = 313,    pages = {141--147},    url = {http://cdsads.u-strasbg.fr/cgi-bin/nph-bib_query?bibcode=2000MNRAS.313..141V&db_key=AST},    adsnote = {Provided by the NASA Astrophysics Data System}}@ARTICLE{gauss:aghanim99,    author = {{Aghanim}, N. and {Forni}, O.},    title = "{Searching for the non-Gaussian signature of the CMB secondary anisotropies}",    journal = AA,    year = 1999,    month = jul,    volume = 347,    pages = {409--418},    url = {http://cdsads.u-strasbg.fr/cgi-bin/nph-bib_query?bibcode=1999A%26A...347..409A&db_key=AST},    adsnote = {Provided by the NASA Astrophysics Data System}}@ARTICLE{gauss:aghanim01,    author = {{Aghanim}, N. and {Forni}, O. and {Bouchet}, F.R.},    title = "{Using the COBE/DMR data as a test-bed for normality assessments}",    journal = AA,    year = 2001,    volume = 365,    pages = {341--346}}@ARTICLE{gauss:hobson99,    author = {{Hobson}, M.~P. and {Jones}, A.~W. and {Lasenby}, A.~N.},    title = "{Wavelet analysis and the detection of non-Gaussianity in the cosmic microwave background}",    journal = MNRAS,    year = 1999,    month = oct,    volume = 309,    pages = {125--140},    url = {http://cdsads.u-strasbg.fr/cgi-bin/nph-bib_query?bibcode=1999MNRAS.309..125H&db_key=AST},    adsnote = {Provided by the NASA Astrophysics Data System}}@ARTICLE{gauss:forni99,    author = {{Forni}, O. and {Aghanim}, N.},    title = "{Searching for non-gaussianity: Statistical tests}",    journal = AAS,    year = 1999,    month = jun,    volume = 137,    pages = {553--567},    url = {http://cdsads.u-strasbg.fr/cgi-bin/nph-bib_query?bibcode=1999A%26AS..137..553F&db_key=AST},    adsnote = {Provided by the NASA Astrophysics Data System}}@ARTICLE{gauss:bromley99,    author = {{Bromley}, B.~C. and {Tegmark}, M.},    title = "{Is the Cosmic Microwave Background Really Non-Gaussian?}",    journal = AJL,    year = 1999,    month = oct,    volume = 524,    pages = {L79--L82},    url = {http://cdsads.u-strasbg.fr/cgi-bin/nph-bib_query?bibcode=1999ApJ...524L..79B&db_key=AST},    adsnote = {Provided by the NASA Astrophysics Data System}}