@STRING {AA = "Astronomy and Astrophysics"} @STRING {AAS = "Astronomy and Astrophysics, Supplement Series"}@STRING{EA = "Experimental Astronomy"}@STRING{VA = "Vistas in Astronomy"}@STRING{NA = "New Astronomy"}@STRING{JOSAA = "Journal of the  Optical Society of  America A"}@STRING{PASP = "Publications of the Astronomical Society of the Pacific"}@STRING{STECF = "ST-ECF Newsletter"}@STRING {AJ = "Astrophysical Journal"}@STRING {AJL = "Astrophysical Journal Letter"}@STRING{CVGIP = "Computer Vision, Graphics and Image Processing"}@STRING {TC = "IEEE Transactions on Computers."} @STRING{ASSP = "IEEE Transactions on Acoustics, Speech and Signal Processing"}@STRING{CAS = "IEEE Transactions on Circuits and Systems"}@STRING{COM = "IEEE Transactions on Communications"}@STRING{GRS = "IEEE Transactions on Geoscience and Remote Sensing"}@STRING{ICASSP = "Proc. IEEE Int. Conf. Acoust. Speech., Signal Processing"}@STRING{IT = "IEEE Transactions on Information Theory"}@STRING{ITSP = "IEEE Transactions on Signal Processing"}@STRING{ITIP = "IEEE Transactions on Image Processing"}@STRING{JFr = "J. Franklin Institute"}@STRING{JOSA = "Journal of the  Optical Society of America"}@STRING{MJ = "Mathematical Geology"}@STRING{PAIAA = "Proc Amer Inst Aeronautics And Astronautics 8th Annual Meeting"}@STRING{PAMI = "IEEE Transactions on Pattern Analysis and Machine Intelligence"}@STRING{PERS = "Photogrammetric Engineering and Remote Sensing"}@STRING{IJRS = "International Journal of Remote Sensing"}@STRING{IBM = "IBM J. Res. \& Develop."}@STRING{SP = "Signal Processing"}@STRING{ARAA = "Annual Review of Astronomy and Astrophysics"}@STRING {JASA = "Journal of the American Statistical Association"}@string {IEEETSP = "IEEE Transactions on Signal Processing"}@string {IEEETCSVT = "IEEE Trans. on Circ. and Syst. for Video Tech."}@STRING {JASA = "Journal of the American Statistical Association"}@article{ica:geomindep,  author =	 "Jean-Fran\c{c}ois Cardoso",  title =	 "Dependence, correlation and non {G}aussianity in independent component analysis",  journal =	 "Journal of Machine Learning Research",  volume =	 "4",  year =	 "2003",  month =	 dec,  pages =	 "1177-1203"}@article{ica:pham2001,  author       = {Dinh-Tuan Pham},  title	       = {Joint approximate diagonalization of positive definite matrices},  journal      = {SIAM Journal on Matrix Analysis and Applications},  number       = 4,  volume       = 22,  pages	       = {1136-1152},  year	       = 2001}  @Article{ica:patanchon, author    = "Patanchon, Guillaume and Cardoso, J. -F. and Delabrouille, J. and Vielva, P.", title     = "CMB and foregrounds in WMAP first year data", year      = "2004", eprint    = "astro-ph/0410280", SLACcitation  = "%%CITATION = ASTRO-PH 0410280;%%" }  @article{ica:Del2003,  author =	 "Jacques Delabrouille and Jean-Fran\c{c}ois Cardoso and Guillaume Patanchon",  title =	 "Multi--Detector Multi--Component spectral matching and applications for {CMB} data analysis",  year =	 2003,  volume =	 346,  number =	 4,  pages =	 "1089-1102",  month =	 dec,  journal =	 "Monthly Notices of the Royal Astronomical Society",  note =	 "to appear, also available as http://arXiv.org/abs/astro-ph/0211504",  HTML =	 "http://tsi.enst.fr/~cardoso/Papers.PDF/mnrasMCMD.pdf",}@inproceedings{ica:3easy,  author       = "Jean-Fran\c{c}ois Cardoso",  HTML	       = "ftp://sig.enst.fr/pub/jfc/Papers/ica01.ps",  booktitle    = "Proc. ICA 2001, San Diego",  title	       = "The three easy routes to independent component analysis; contrasts and geometry",  year	       = 2001,}@article{ica:jade,  author =	 "Jean-Fran\c{c}ois Cardoso",  journal =	 "Neural Computation",  title =	 "High-order contrasts for independent component analysis",  year =	 1999,  month =	 jan,  volume =	 11,  number =	 1,  pages =	 "157-192"}@article{ica:tutorial,  author       = {Jean-Fran\c{c}ois Cardoso},  title	       = {Blind signal separation: statistical principles},  HTML	       = "ftp://sig.enst.fr/pub/jfc/Papers/ProcIEEE.us.ps.gz",  journal      = {Proceedings of the IEEE. Special issue on blind identification and estimation},  number       = 10,  volume       = 9,  pages	       = {2009-2025},  month	       = oct,  year	       = 1998}   @book{ica:icabook,  author = {A. Hyv\"{a}rinen and J. Karhunen and E. Oja},  title = {Independent Component Analysis},  year = {2001},  publisher = {John Wiley},  address = {New York},  note = {481+xxii pages},  url = {http://www.cis.hut.fi/projects/ica/book/},  submittedby = {bliss}} @article{ica:phamjadiag,  author       = {Dinh-Tuan Pham},  title	       = {Joint approximate diagonalization of positive definite matrices},  journal      = {SIAM Journal on Matrix Analysis and Applications},  number       = 4,  volume       = 22,  pages	       = {1136-1152},  year	       = 2001}@article{ica:phamgarrat,  author = {D.-T.~Pham and P.~Garrat},  title = {Blind separation of mixture of independent sources through a quasi-maximum likelihood approach},  journal = {IEEE Trans.~ on Signal Processing},  year = {1997},  volume = {45},  number = {7},  pages = {1712-1725},  submittedby = {bliss}}@inproceedings{ica:phamgarratjutten,  author = {D.-T.~Pham and P.~Garrat and C.~Jutten},  title = {Separation of a Mixture of Independent Sources through a Maximum Likelihood Approach},  booktitle = {Proc. EUSIPCO},  year = {1992},  pages = {771-774},  submittedby = {bliss}}@article{ica:sobi,  author = {A.~Belouchrani and K.~Abed~Meraim and J.-F.~Cardoso and E.~Moulines},  journal = {IEEE Trans.\ on Signal Processing},  title = {A blind source separation technique based on second order statistics},  volume = {45},  number = {2},  pages = {434--444},  year = {1997},  submittedby = {bliss}} @article{ica:cichocki,  author = {P. G. Georgiev and F. Theis and A. Cichocki},  title = {Sparse component analysis and blind source separation of underdetermined mixtures},  journal = {IEEE Transactions on Neural Networks},  year = {2005},  volume = {16},  number = {4},  pages = {992-996}  } @Article{ica:phamcardoso,  author       = "Dinh-Tuan Pham and Jean-Fran\c{c}ois Cardoso",  title	       = "Blind separation of instantaneous mixtures of non stationary sources",  HTML	       = "ftp://tsi.enst.fr/pub/jfc/Papers/nonstatSP.ps",  journal      = {IEEE Trans. on Sig. Proc.},  pages	       = "1837--1848",  year	       = 2001,  month	       = sep,  volume       = 49,  number       = 9,} @Article{ica:phaminfomut,  author       = "Dinh-Tuan Pham",  title	       = "Blind Separation of Instantaneous Mixture of Sources via the Gaussian Mutual Information Criterion",  HTML	       = "ftp://tsi.enst.fr/pub/jfc/Papers/nonstatSP.ps",  journal      = {Signal Processing},  pages	       = "855-870",  year	       = 2001,  volume       = 81,  number       = 4,}  @Article{bogdanova,     author    = "I. Bogdanova and P. Vandergheynst and J.-P. Antoine and L. Jacques and M. Mrovidone",     title     = "Stereographic wavelet frames on the sphere",    journal = {Applied and Computational Harmonic Analysis},     year      = "2005",     note  =  " in press"}@Article{icosahedron,     author    = "Tegmark, Max",     title     = "An icosahedron-based method for pixelizing the celestial sphere",    journal = {Astrophysical Journal Letter},    volume  = 470,    pages = "L81-L84",      year      = "1996",     note  =  "also available at http://arXiv.org/abs/astro-ph/9610094"}  @ARTICLE{igloo,    author = {{Crittenden}, R.~G. and {Turok}, N.~G.},    title = "{Exactly Azimuthal Pixelizations of the Sky}",    note =	 "available at http://arXiv.org/abs/astro-ph/9806374",   year = 1998,}@Article{glesp,     author    = "A. G. Doroshkevich and P. D. Naselsky and O. V. Verkhodanov and D. I. Novikov and V. I. Turchaninov and I. D. Novikov and P. R. Christensen and L.-Y. Chiang",     title     = "Gauss-Legendre Sky Pixelization (GLESP) scheme for CMB maps",    journal = { International Journal of Modern Physics D},    volume  = 14,    number = 2,    pages = "275-290",      year      = "2005",     note  =  "also available at http://arXiv.org/abs/astro-ph/0305537"} 