% Version 2001-11-18 FM @STRING {AA = "Astronomy and Astrophysics"} @STRING {AAS = "Astronomy and Astrophysics, Supplement Series"}@STRING{CVGIP = "CVGIP: Graphical Models and Image Processing"}@STRING{EA = "Experimental Astronomy"}@STRING{ITIP = "IEEE Transactions on Image Processing"}@STRING{JOSA = "Journal of the Optical Society of America"}@STRING{JOSAA = "Journal of the  Optical Society of  America A"}@STRING {AN = "Astronomical Journal"}@BOOK{Shorack,AUTHOR     = {G.R. Shorack and J.A. Wellner},PUBLISHER  = "John Wiley \& Sons",TITLE      = "Empirical Processes with Applications to Statistics",YEAR       = "1986"}     @BOOK{Lehmann,AUTHOR     = {E.L. Lehmann},PUBLISHER  = "John Wiley \& Sons",TITLE      = "Testing Statistical Hypotheses, 2nd ed.",YEAR       = "1986"}     @ARTICLE{ima:appleton93,    author = {{Appleton}, P.~N. and {Siqueira}, P.~R. and {Basart}, J.~P.},    title = "{A morphological filter for removing ``Cirrus-like''    emission from far-infrared extragalactic {IRAS} fields}",    journal = AN,    year = 1993,    month = oct,    volume = 106,    pages = {1664--1678},    url = {http://cdsads.u-strasbg.fr/cgi-bin/nph-bib_query?bibcode=1993qq....106.1664A&db_key=AST},    adsnote = {Provided by the NASA Astrophysics Data System}}@ARTICLE{ima:wigner32,AUTHOR     = {E.P. Wigner},JOURNAL    = {Physical Review},TITLE      = {On the quantun correction for thermodynamic equilibrium},VOLUME     = {40},PAGES      = {749-759},YEAR       = {1932}}@ARTICLE{ima:ville48,AUTHOR     = {J. Ville},JOURNAL    = {Cables et Transmissions},TITLE      = {Th\'eorie et applications de la notion de signal analytique},VOLUME     = {2A},PAGES      = {61-74},YEAR       = {1948}}@Book{ima:deans95,  author =       {Deans, S.R.},  title =        {{The Radon Transform and Some of Its Applications}},  publisher =    {Wiley},  year =         {1983},  OPTvolume =    {},  OPTseries =    {},  OPTaddress =   {New York},  OPTedition =   {}}@BOOK{ima:zhi00,AUTHOR     = "Zhi-Oei Liang, Paul C. Lauterbur",PUBLISHER  = "IEEE Press",TITLE      = "Principle of Magnetic Resonance Imaging",YEAR       = "2000"}      @BOOK{ima:cohen95,AUTHOR     = {L. Cohen},PUBLISHER  = {Prentice-Hall},TITLE      = {Time-Frequency Analysis},YEAR       = {1995}}@ARTICLE{ima:breen00,AUTHOR     = {E.J. Breen and R.J. Jones and H. Talbot},JOURNAL    = {Statistics and Computing},TITLE      = {Mathematical Morphology: A useful set of tools for image analysis},VOLUME     = {10},PAGES      = {105-120},YEAR       = {2000}}@ARTICLE{ima:hunt99,AUTHOR     = {J.J. Green and B.R. Hunt},TITLE      = {Improved restoration of space object imagery},JOURNAL    =  JOSAA,VOLUME     = {16},PAGES      = {2858--2865},YEAR       = {1999}}@ARTICLE{ima:unser95,AUTHOR     = {M. Unser and P. Th\'evenaz and L. Yaroslavsky},TITLE      = {Convolution-Based Interpolation for Fast,               High Quality Rotation of Images},JOURNAL    =  ITIP,VOLUME     = {4},PAGES      = {1371--1381},YEAR       = {1995}}@ARTICLE{ima:danielsson92,AUTHOR     = {P.E. Danielsson and M. Hammerin},TITLE      = { High accuracy rotation of images},JOURNAL    = CVGIP,VOLUME     = {45},PAGES      = {340--344},YEAR       = {1992}}@ARTICLE{ima:olsen93,AUTHOR     = {S.I. Olsen},TITLE      = {Estimation of Noise in Images: An Evaluation},JOURNAL    = CVGIP,VOLUME     = {55},PAGES      = {319--323},YEAR       = {1993}}@BOOK{ima:shumway00,AUTHOR     = {R.H. Shumway and D.S. Stoffer},PUBLISHER  = {Springer-Verlag},TITLE      = {Time Series Analysis and Its Applications},YEAR       = {1999}}@BOOK{ima:vida99,AUTHOR     = {B. Vidakovic},PUBLISHER  = {Wiley},TITLE      = {Statistical Modeling by Wavelets},YEAR       = {1999}}@BOOK{ima:perci00,AUTHOR     = {D.B. Percival and A.T. Walden},PUBLISHER  = {Cambridge University Press},TITLE      = {Wavelet Methods for Time Series Analysis},YEAR       = {2000}}@BOOK{ima:ripley81,AUTHOR     = {B.D. Ripley},PUBLISHER  = {Wiley},TITLE      = {Spatial Statistics},YEAR       = {1981}}@BOOK{ima:soille99,AUTHOR     = {P. Soille},PUBLISHER  = {Springer-Verlag},TITLE      = {Morphological Data Analysis},YEAR       = {1999}}@BOOK{ima:picard66,AUTHOR     = {E. Issacson and H. Keller},PUBLISHER  = {Wiley},TITLE      = {Analysis of Numerical Methods},YEAR       = {1966}}@BOOK{ima:bertero98,AUTHOR     = {M. Bertero and P. Boccacci},PUBLISHER  = {Institute of Physics},TITLE      = {Introduction to Inverse Problems in Imaging},YEAR       = {1998}}@BOOK{ima:frieden98,AUTHOR     = {B.R. Frieden},PUBLISHER  = {Cambridge University Press},TITLE      = {Physics from Fisher Information},YEAR       = {1998}}@BOOK{ima:liang00,AUTHOR     = {Z.-P. Liang and P.C. Lauterbur},PUBLISHER  = {SPIE},TITLE      = {Principles of Magnetic Resonance Imaging},YEAR       = {2000}}@BOOK{ima:aczel75,AUTHOR     = {Aczel and Daroczy},PUBLISHER  = {Academic Press},TITLE      = {On Measures of Information and their Characterizations},YEAR       = {1978}}@BOOK{ima:pratt78,AUTHOR     = {W.K. Pratt},PUBLISHER  = {Wiley},TITLE      = {Digital Image Processing},YEAR       = {1978}}@BOOK{ima:pratt91,AUTHOR     = {W.K. Pratt},PUBLISHER  = {Wiley},TITLE      = {Digital Image Processing},YEAR       = {1991}}@BOOK{ima:mallat98,AUTHOR     = {S. Mallat},PUBLISHER  = {Academic Press},TITLE      = {A Wavelet Tour of Signal Processing},YEAR       = {1998}}@BOOK{ima:katsa93,AUTHOR     = {A.K. Katsaggelos},PUBLISHER  = {Springer-Verlag},TITLE      = {Digital Image Processing},YEAR       = {1993}}@BOOK{ima:gonzalez93,AUTHOR     = {R.C. Gonzalez and R. Woods},PUBLISHER  = {Addison-Wesley},TITLE      = {Digital Image Processing},YEAR       = {1992}}@BOOK{ima:jain89,AUTHOR     = {A. K. Jain},TITLE      = {Fundamentals of Digital Image Processing},PUBLISHER  = {Prentice-Hall},YEAR       = {1990}}@BOOK{ima:bijaoui84,AUTHOR     = {A. Bijaoui},TITLE      = {Introduction au Traitement Num\'erique des Images},PUBLISHER  = {Masson},YEAR       = {1984}}@BOOK{ima:matheron67,AUTHOR     = {G. Matheron},TITLE      = {Elements pour une Th\'eorie des Milieux Poreux},PUBLISHER  = {Masson},YEAR       = {1967}}@BOOK{ima:matheron75,AUTHOR     = {G. Matheron},TITLE      = {Random Sets and Integral Geometry},PUBLISHER  = {Wiley},YEAR       = {1975}}@INPROCEEDINGS{ima:gesu93,AUTHOR     = {V. Di G\`esu and M.C. Maccarone and M. Tripiciano},TITLE      = {Mathematical Morphology based on Fuzzy Operators},BOOKTITLE  = {Fuzzy Logic: State of the Art},PUBLISHER  = {Kluwer},YEAR       = {1993}}@INPROCEEDINGS{ima:gesu82,AUTHOR     = {V. Di G\`esu and M.C. Maccarone},TITLE      = {A direct deconvolution method for two dimensional image analysis},BOOKTITLE  = {Proceedings of the Symposium {COMPSTAT 1982}},PUBLISHER  = {Physica-Verlag},YEAR       = {1982}}@ARTICLE{ima:gesu84,AUTHOR     = {V. Di G\`esu and M.C. Maccarone},TITLE      = {The Bayesian Direct Deconvolution Method: Properties and Applications},JOURNAL    = {Signal Processing},VOLUME     = {6},PAGES      = {201--211},YEAR       = {1984}}@BOOK{ima:serra82,AUTHOR     = {J. Serra},TITLE      = {Image Analysis and Mathematical Morphology},PUBLISHER  = {Academic Press},YEAR       = {1982}}@ARTICLE{ima:bijaoui79,AUTHOR     = {A. Bijaoui and V. Doazan},TITLE      = {Analysis of Rapid Variations in the Spectra of $\alpha${C}ol by Cross-Correlation},JOURNAL    = AA,VOLUME     = {70},PAGES      = {285--291},YEAR       = {1984}}@ARTICLE{ima:bijaoui95,AUTHOR     = {A. Bijaoui and F. Ru\'e},TITLE      = {A Multiscale Vision Model adapted to  Astronomical Images},JOURNAL    = {Signal Processing},VOLUME     = {46},PAGES      = {229--243},YEAR       = {1995}}@BOOK{ima:MIDAS,AUTHOR     = {ESO},TITLE      = {MIDAS, Munich Image Data Analysis System},PUBLISHER  = {European Southern Observatory},YEAR       = {1995}}@BOOK{ima:Richter,EDITOR     = {G. Richter},TITLE      = {IAU Commission 9 Working Group on Sky Surveys Newsletter},PUBLISHER  = {AIP Potsdam},YEAR       = {1998}}@ARTICLE{ima:rue97,AUTHOR     = {F. Ru\'e and A. Bijaoui},TITLE      = {A Multiscale Vision Model to Analyse Field Astronomical Images},JOURNAL    = {Experimental Astronomy},VOLUME     = {7},PAGES      = {129--160},YEAR       = {1997}}@ARTICLE{ima:shannon48,  AUTHOR       = {C.E. Shannon},  TITLE        = {A Mathematical Theory for Communication},  JOURNAL      = {Bell System Technical Journal},    VOLUME     = {27},    PAGES      = {379--423},  YEAR         = {1948}}@MISC{ima:karhunen47,  AUTHOR       = {K. Karhunen},  HOWPUBLISHED = {English translation by I. Selin,    On Linear Methods in Probability Theory,     The Rand Corporation, Doc. T-131, August 11, 1960},  YEAR         = {1947}}@PROCEEDINGS{ima:loeve48,  AUTHOR       = {M. Lo\`eve},  TITLE       = {Fonctions Al\'eatoires de Second Ordre},   EDITOR      = {P. Levy},   BOOKTITLE   = {Processus Stochastiques et Mouvement Bownien},  PUBLISHER   = {Hermann},   ADDRESS     = {Paris},    YEAR         = {1948}}@ARTICLE{ima:hotelling33,  AUTHOR       = {H. Hotelling},  TITLE        = {Analysis  of a complex of Statistical Variables into Principal Components},  JOURNAL      = {Journal of Educational Psychology},  VOLUME     = {24},  PAGES      = {417--441, 498--520},  YEAR         = {1933}}@ARTICLE{ima:harshap,AUTHOR       = {R.M. Haralick and L.G. Shapiro},TITLE        = {Image segmentation methods},JOURNAL      = CVGIP,VOLUME       = {29},PAGES        = {100--132},YEAR         = {1985}}@BOOK{ima:gonzalez,AUTHOR       = {R.C. Gonzalez and R.E. Woods},TITLE        = {Digital Image Processing},PUBLISHER    = {Addison-Wesley}, YEAR         = {1992}}@INPROCEEDINGS{ima:kurtz,AUTHOR      = {M.J. Kurtz}, TITLE       = {Classification methods: an introductory survey},BOOKTITLE   = {Statistical Methods in Astronomy}, PUBLISHER   = {European Space Agency Special Publication 201}, PAGES       = {47--58}, YEAR        = {1983}}@ARTICLE{ima:davoust,AUTHOR      = {E. Davoust and W.D. Pence}, TITLE       = {Detailed bibliography on the surface               photometry of galaxies}, JOURNAL     = AAS,VOLUME      = {49},PAGES       = {631--661}, YEAR        = {1982}}@ARTICLE{ima:pence,AUTHOR      = {W.D. Pence and E. Davoust}, TITLE       = {Supplement to the detailed bibliography      on the surface photometry of galaxies}, JOURNAL     = AAS,VOLUME      = {60},PAGES       = {517--526}, YEAR        = {1985}}@ARTICLE{ima:lefevre,AUTHOR     = {O. Lef\`evre and A. Bijaoui and G. Mathez and J.P. Picat               and G. Leli\`evre},TITLE      = {Electronographic BV photometry of three distant clusters of       galaxies}, JOURNAL    = AA,VOLUME     = {154},PAGES      = {92--99},YEAR       = {1986}}@ARTICLE{ima:watanabe,AUTHOR    =  {M. Watanabe and  K. Kodaira and S. Okamura}, TITLE     = {Digital surface photometry      of galaxies toward a quantitative classification. {I}. 20 galaxies in      the {V}irgo cluster}, JOURNAL   = AAS,VOLUME    = {50},PAGES     = {1--22},YEAR      = {1982}}@MISC{ima:thonnat,AUTHOR   = {M. Thonnat}, NOTE    = {Automatic morphological description of galaxies and      classification by an expert system}, HOWPUBLISHED = {INRIA Rapport de Recherche,      Centre Sophia Antipolis, No. 387}, YEAR     = {1985}}@BOOK{ima:takase,AUTHOR  =  {B. Takase and K. Kodaira and S. Okamura}, TITLE   = {An Atlas of Selected      Galaxies}, PUBLISHER  = {University of Tokyo Press},YEAR    = {1984}}@INPROCEEDINGS{ima:okamura,AUTHOR  = {S. Okamura}, TITLE   = {Global structure of {V}irgo cluster galaxies}, EDITORS = {O.G. Richter and B. Binggeli}, BOOKTITLE = {ESO Workshop On The Virgo       Cluster of Galaxies}, PAGES   = {201--215},YEAR    = {1985}}