@STRING {AA = "Astronomy and Astrophysics"} @STRING {AAS = "Astronomy and Astrophysics, Supplement Series"}@STRING{EA = "Experimental Astronomy"}@STRING{VA = "Vistas in Astronomy"}@STRING{NA = "New Astronomy"}@STRING{JOSAA = "Journal of the  Optical Society of  America A"}@STRING{PASP = "Publications of the Astronomical Society of the Pacific"}@STRING{STECF = "ST-ECF Newsletter"}@STRING {AJ = "Astrophysical Journal"}@STRING{CVGIP = "Computer Vision, Graphics and Image Processing"}@STRING {TC = "IEEE Transactions on Computers"} @STRING{I3EMI = "IEEE Transactions on Medical Imaging"}@STRING{ASSP = "IEEE Transactions on Acoustics, Speech and Signal Processing"}@STRING{CAS = "IEEE Transactions on Circuits and Systems"}@STRING{COM = "IEEE Transactions on Communications"}@STRING{GRS = "IEEE Transactions on Geoscience and Remote Sensing"}@STRING{ICASSP = "Proc. IEEE Int. Conf. Acoust. Speech., Signal Processing"}@STRING{IT = "IEEE Transactions on Information Theory"}@STRING{ITSP = "IEEE Transactions on Signal Processing"}@STRING{ITIP = "IEEE Transactions on Image Processing"}@STRING{JFr = "J. Franklin Institute"}@STRING{JOSA = "Juornal of the Optical Society of America"}@STRING{MJ = "Mathematical Geology."}@STRING{PAIAA = "Proc Amer Inst Aeronautics And Astronautics 8th Annual Meeting"}@STRING{PAMI = "IEEE Transactions on Pattern Analysis and Machine Intelligence"}@STRING{PERS = "Photogrammetric Engineering and Remote Sensing"}@STRING{IJRS = "International Journal of Remote Sensing"}@STRING{IBM = "IBM Journal of Research and Development"}@STRING{SP = "Signal Processing"}@STRING{ARAA = "Annual Review of Astronomy and Astrophysics"}@STRING {JASA = "Journal of the American Statistical Association"}@string {IEEETSP = "IEEE Transactions on Signal Processing"}@string {IEEETCSVT = "IEEE Transactions on Circuits and Systems for Video Tech."}@ARTICLE{mb:daudet02,AUTHOR     = {L. Daudet and B. Torr\'esani},JOURNAL    = SP,TITLE      = {Hybrid representation for audiophonic signal encoding},VOLUME     = {82},NUMBER     = {11},PAGES      = {1595--1617},YEAR       = {2002}}@Article{mb:gribonval01a,  author =       {Gribonval, R. and Nielsen, M.},  title =        {Some Remarks on Nonlinear Approximation with {S}chauder Bases},  journal =      {East J.\ Approx.},  year =         2001,  volume =       7,  number =       3,  pages =        {267-285},  url    =       {http://www.math.sc.edu/$\sim$imip/00papers/0023.ps}}@Article{mb:gribonval01b,  author =       {Gribonval, R. and Nielsen, M.},  title =        {Approximate Weak Greedy Algorithms},  journal =      {Advances in Computational Mathematics},  year =         2001,  volume =       14,  number =       4,  pages =        {361-378},  month =        may,  url    =       {preprint at http://www.math.sc.edu/$\sim$imip/00papers/0016.ps},}