@STRING {AA = "Astronomy and Astrophysics"} @STRING {AAS = "Astronomy and Astrophysics, Supplement Series"}@STRING{EA = "Experimental Astronomy"}@STRING{VA = "Vistas in Astronomy"}@STRING{NA = "New Astronomy"}@STRING{JOSAA = "Journal of the  Optical Society of  America A"}@STRING{PASP = "Publications of the Astronomical Society of the Pacific"}@STRING{STECF = "ST-ECF Newsletter"}@STRING {AJ = "Astrophysical Journal"}@STRING {AJL = "Astrophysical Journal Letter"}@STRING {AJS = "Astrophysical Journal, Supplement Series"}@STRING{CVGIP = "Computer Vision, Graphics and Image Processing"}@STRING {TC = "IEEE Transactions on Computers."} @STRING{ASSP = "IEEE Transactions on Acoustics, Speech and Signal Processing"}@STRING{CAS = "IEEE Transactions on Circuits and Systems"}@STRING{COM = "IEEE Transactions on Communications"}@STRING{GRS = "IEEE Transactions on Geoscience and Remote Sensing"}@STRING{ICASSP = "Proc. IEEE Int. Conf. Acoust. Speech., Signal Processing"}@STRING{IT = "IEEE Transactions on Information Theory"}@STRING{ITSP = "IEEE Transactions on Signal Processing"}@STRING{ITIP = "IEEE Transactions on Image Processing"}@STRING{JFr = "J. Franklin Institute"}@STRING{JOSA = "Journal of the  Optical Society of America"}@STRING{MJ = "Mathematical Geology"}@STRING{PAIAA = "Proc Amer Inst Aeronautics And Astronautics 8th Annual Meeting"}@STRING{PAMI = "IEEE Transactions on Pattern Analysis and Machine Intelligence"}@STRING{PERS = "Photogrammetric Engineering and Remote Sensing"}@STRING{IJRS = "International Journal of Remote Sensing"}@STRING{IBM = "IBM J. Res. \& Develop."}@STRING{SP = "Signal Processing"}@STRING{ARAA = "Annual Review of Astronomy and Astrophysics"}@STRING {JASA = "Journal of the American Statistical Association"}@string {IEEETSP = "IEEE Transactions on Signal Processing"}@string {IEEETCSVT = "IEEE Trans. on Circ. and Syst. for Video Tech."}@STRING {JASA = "Journal of the American Statistical Association"}@STRING {PRD = "Phys. Rev. D"}@STRING {ARAA= "Annual review of astronomy and astrophysics"}@ARTICLE{bouchet88,       AUTHOR = {F. R. {Bouchet} and D. P. {Bennett} and A. {Stebbins}},      TITLE = {Patterns of the cosmic microwave background from evolving string networks},      JOURNAL = {Nature},      PAGES = {410},      VOLUME = {335},      YEAR = {1988}}@ARTICLE{cooray2001,       AUTHOR = {A. {Cooray}},      TITLE = {Non-Gaussian aspects of thermal and kinetic Sunyaev-Zel'dovich effects},      JOURNAL = PRD,      PAGES = {3514},      VOLUME = {64},      YEAR = {2001}}@ARTICLE{bernardeau2002,    author = {{Bernardeau}, F. and {Uzan}, J.},    title = "{Non-Gaussianity in multifield inflation}",    journal = PRD,    year = 2002,    month = nov,    volume = 66,    pages = {103506-+},    adsurl = {http://cdsads.u-strasbg.fr/cgi-bin/nph-bib_query?bibcode=2002PhRvD..66j3506B&db_key=AST},    adsnote = {Provided by the NASA Astrophysics Data System}}@MISC{riazuelo2002,       AUTHOR = {A. {Riazuelo} and J.-P. {Uzan} and R. {Lehoucq} and J. {Weeks}},      TITLE = {Simulating Cosmic Microwave Background maps in multi-connected spaces},      HOWPUBLISHED = {astro-ph/0212223},      YEAR = {2002}}@ARTICLE{detroia2003,    author = {{De Troia}, G. and {Ade}, P.~A.~R. and {Bock}, J.~J. and {Bond}, J.~R. and         {Boscaleri}, A. and {Contaldi}, C.~R. and {Crill}, B.~P. and         {de Bernardis}, P. and {Ferreira}, P.~G. and {Giacometti}, M. and         {Hivon}, E. and {Hristov}, V.~V. and {Kunz}, M. and {Lange}, A.~E. and         {Masi}, S. and {Mauskopf}, P.~D. and {Montroy}, T. and {Natoli}, P. and         {Netterfield}, C.~B. and {Pascale}, E. and {Piacentini}, F. and         {Polenta}, G. and {Romeo}, G. and {Ruhl}, J.~E.},    title = "{The trispectrum of the cosmic microwave background on subdegree angular scales: an analysis of the BOOMERanG data}",    journal = MNRAS,    year = 2003,    month = jul,    volume = 343,    pages = {284-292},    adsurl = {http://cdsads.u-strasbg.fr/cgi-bin/nph-bib_query?bibcode=2003MNRAS.343..284D&db_key=AST},    adsnote = {Provided by the NASA Astrophysics Data System}}@ARTICLE{castro2002,    author = {{Castro}, P.~G.},    title = "{Bispectrum and the trispectrum of the Ostriker-Vishniac effect}",    journal = PRD,    year = 2003,    month = jun,    volume = 67,    pages = {123001-+},    adsurl = {http://cdsads.u-strasbg.fr/cgi-bin/nph-bib_query?bibcode=2003PhRvD..67l3001C&db_key=AST},    adsnote = {Provided by the NASA Astrophysics Data System}}@ARTICLE{komatsu2003,    author = {{Komatsu}, E. and {Kogut}, A. and {Nolta}, M.~R. and {Bennett}, C.~L. and         {Halpern}, M. and {Hinshaw}, G. and {Jarosik}, N. and {Limon}, M. and         {Meyer}, S.~S. and {Page}, L. and {Spergel}, D.~N. and {Tucker}, G.~S. and         {Verde}, L. and {Wollack}, E. and {Wright}, E.~L.},    title = "{First-Year Wilkinson Microwave Anisotropy Probe (WMAP) Observations: Tests of Gaussianity}",    journal = AJS,    year = 2003,    month = sep,    volume = 148,    pages = {119-134},    adsurl = {http://cdsads.u-strasbg.fr/cgi-bin/nph-bib_query?bibcode=2003ApJS..148..119K&db_key=AST},    adsnote = {Provided by the NASA Astrophysics Data System}}@ARTICLE{banday2000,    author = {{Banday}, A.~J. and {Zaroubi}, S. and {G{\' o}rski}, K.~M.},    title = "{On the Non-Gaussianity Observed in the COBE Differential Microwave Radiometer Sky Maps}",    journal = AJ,    year = 2000,    month = apr,    volume = 533,    pages = {575-587},    adsurl = {http://cdsads.u-strasbg.fr/cgi-bin/nph-bib_query?bibcode=2000ApJ...533..575B&db_key=AST},    adsnote = {Provided by the NASA Astrophysics Data System}}@ARTICLE{sunyaev80,    author = {{Sunyaev}, R.~A. and {Zeldovich}, I.~B.},    title = "{Microwave background radiation as a probe of the contemporary structure and history of the universe}",    journal = ARAA,    year = 1980,    volume = 18,    pages = {537-560},    adsurl = {http://cdsads.u-strasbg.fr/cgi-bin/nph-bib_query?bibcode=1980ARA%26A..18..537S&db_key=AST},    adsnote = {Provided by the NASA Astrophysics Data System}}@ARTICLE{vishniac87,    author = {{Vishniac}, E.~T.},    title = "{Reionization and small-scale fluctuations in the microwave background}",    journal = AJ,    year = 1987,    month = nov,    volume = 322,    pages = {597-604},    adsurl = {http://cdsads.u-strasbg.fr/cgi-bin/nph-bib_query?bibcode=1987ApJ...322..597V&db_key=AST},    adsnote = {Provided by the NASA Astrophysics Data System}}@ARTICLE{ostriker86,    author = {{Ostriker}, J.~P. and {Vishniac}, E.~T.},    title = "{Generation of microwave background fluctuations from nonlinear perturbations at the ERA of galaxy formation}",    journal = AJ,    year = 1986,    month = jul,    volume = 306,    pages = {L51-L54},    adsurl = {http://cdsads.u-strasbg.fr/cgi-bin/nph-bib_query?bibcode=1986ApJ...306L..51O&db_key=AST},    adsnote = {Provided by the NASA Astrophysics Data System}}@MISC{white2002,       AUTHOR = {M. {White} and J. D. {Cohn}},      TITLE = {The Theory of Anisotropies in the Cosmic Microwave Background },      HOWPUBLISHED = {astro-ph/0203120},      YEAR = {2002}}  @ARTICLE{bernardeau2003,    author = {{Bernardeau}, F. and {van Waerbeke}, L. and {Mellier}, Y.},    title = "{Patterns in the weak shear 3-point correlation function}",    journal = AA,    year = 2003,    month = jan,    volume = 397,    pages = {405-414},    adsurl = {http://cdsads.u-strasbg.fr/cgi-bin/nph-bib_query?bibcode=2003A%26A...397..405B&db_key=AST},    adsnote = {Provided by the NASA Astrophysics Data System}}