@STRING {AA = "Astronomy and Astrophysics"} @STRING {AAS = "Astronomy and Astrophysics, Supplement Series"}@STRING{EA = "Experimental Astronomy"}@STRING{VA = "Vistas in Astronomy"}@STRING{NA = "New Astronomy"}@STRING{JOSAA = "Journal of the  Optical Society of  America A"}@STRING{PASP = "Publications of the Astronomical Society of the Pacific"}@STRING{STECF = "ST-ECF Newsletter"}@STRING {AJ = "Astrophysical Journal"}@STRING {AJL = "Astrophysical Journal Letter"}@STRING{CVGIP = "Computer Vision, Graphics and Image Processing"}@STRING {TC = "IEEE Transactions on Computers."} @STRING{ASSP = "IEEE Transactions on Acoustics, Speech and Signal Processing"}@STRING{CAS = "IEEE Transactions on Circuits and Systems"}@STRING{COM = "IEEE Transactions on Communications"}@STRING{GRS = "IEEE Transactions on Geoscience and Remote Sensing"}@STRING{ICASSP = "Proc. IEEE Int. Conf. Acoust. Speech., Signal Processing"}@STRING{IT = "IEEE Transactions on Information Theory"}@STRING{ITSP = "IEEE Transactions on Signal Processing"}@STRING{ITIP = "IEEE Transactions on Image Processing"}@STRING{JFr = "J. Franklin Institute"}@STRING{JOSA = "Journal of the  Optical Society of America"}@STRING{MJ = "Mathematical Geology"}@STRING{PAIAA = "Proc Amer Inst Aeronautics And Astronautics 8th Annual Meeting"}@STRING{PAMI = "IEEE Transactions on Pattern Analysis and Machine Intelligence"}@STRING{PERS = "Photogrammetric Engineering and Remote Sensing"}@STRING{IJRS = "International Journal of Remote Sensing"}@STRING{IBM = "IBM J. Res. \& Develop."}@STRING{SP = "Signal Processing"}@STRING{ARAA = "Annual Review of Astronomy and Astrophysics"}@STRING {JASA = "Journal of the American Statistical Association"}@string {IEEETSP = "IEEE Transactions on Signal Processing"}@string {IEEETCSVT = "IEEE Trans. on Circ. and Syst. for Video Tech."}@STRING {JASA = "Journal of the American Statistical Association"}@article{starck:zang05,    author = {B. Zang and J. Fadili and  J.-L Starck},    title =  {Poisson Intensity Estimation Based on the Wavelet Hypothesis Testing},    year = {2005},    journal = {Eurasip Journal},    note = {submitted}}@article{starck:elad05,    author = {M. Elad and  J.-L Starck and D. Donoho and P. Querre},    title =  {Simultaneous Cartoon and Texture Image Inpainting using Morphological Component Analysis {(MCA)}},    year = {2005},    journal = { {ACHA}},    note = {to appear}}@article{starck:renaud05,    author = {O. Renaud and J.-L. Starck and F. Murtagh},    title =  {Wavelet-Based Combined Signal Filtering and Prediction},    year = {2005},    journal = { {IEEE} Transactions on Systems, Man and Cybernetics},    note = {to appear}}@ARTICLE{starck:jin05,AUTHOR     = {J. Jin and J.-L. Starck and D.L. Donoho and N. Aghanim and O. Forni},JOURNAL    = {EURASIP Journal on Applied Signal Processing},TITLE     = {Cosmological Non-Gaussian Signatures Detection: Comparing Performance of Different Statistical Tests},YEAR      = {2005},month = aug,volume = 2005,number = 15,pages = {2470-2485}}@ARTICLE{starck:sta05_3,AUTHOR     = {J.-L. Starck and V.J. Martinez and D.L. Donoho and O. Levi and P. Querre and E. Saar},JOURNAL    = {EURASIP Journal on Applied Signal Processing},TITLE     = {Analysis of the Spatial Distribution of Galaxies by Multiscale Methods},YEAR      = {2005},month = aug,volume = 2005,number = 15,pages = {2455-2469}}@ARTICLE{starck:sta05_2,AUTHOR    = {J.-L. Starck and Y. Moudden and  P. Abrial and M. Nguyen},JOURNAL   =  AA,TITLE     = {Wavelets, Ridgelets and Curvelets on the Sphere},NOTE      = {accepted for publication},YEAR      = {2005}}@ARTICLE{starck:pierre05,   author = {{Pierre}, M. and {Valtchanov}, I. and {Altieri}, B. and {Andreon}, S. and 	{Bolzonella}, M. and {Bremer}, M. and {Disseau}, L. and {Dos Santos}, S. and 	{Gandhi}, P. and {Jean}, C. and {Pacaud}, F. and {Read}, A. and 	{Refregier}, A. and {Willis}, J. and {Adami}, C. and {Alloin}, D. and 	{Birkinshaw}, M. and {Chiappetti}, L. and {Cohen}, A. and {Detal}, A. and 	{Duc}, P. and {Gosset}, E. and {Hjorth}, J. and {Jones}, L. and 	{LeFevre}, O. and {Lonsdale}, C. and {Maccagni}, D. and {Mazure}, A. and 	{McBreen}, B. and {McCracken}, H. and {Mellier}, Y. and {Ponman}, T. and 	{Quintana}, H. and {Rottgering}, H. and {Smette}, A. and {Surdej}, J. and 	{Starck}, J. and {Vigroux}, L. and {White}, S.},    title = "{The {XMM-LSS} survey. Survey design and first results}",  journal = {Journal of Cosmology and Astro-Particle Physics},     year = 2004,    month = sep,   volume = 9,    pages = {11-+},   adsnote = {Provided by the NASA Astrophysics Data System}}@ARTICLE{starck:sta05b,AUTHOR     = {J.-L. Starck and S. Pires and and A. Refr\'egier},JOURNAL    = {AA},TITLE     = {Weak Lensing Mass  Reconstruction using Wavelets},eprint    = {astro-ph/0503373}, NOTE      = {submitted},YEAR      = {2005}}@ARTICLE{starck:martinez05,AUTHOR     = { V.J. Martinez and J.-L. Starck and E. Saar D.L. Donoho and P. de la Cruz and  S. Paredes and S. Reynolds},JOURNAL    = {APJ},TITLE     = {Wavelet Morphology of the Galaxy Distribution},NOTE      = {submitted},YEAR      = {2005}}@ARTICLE{starck:sta05,AUTHOR     = {J.-L. Starck and V.J. Martinez and  D.L. Donoho and O. Levi and P. Querre and E. Saar},TITLE     = { Analysis of the Spatial Distribution of Galaxies by Multiscale Methods},YEAR      = {2005},JOURNAL    = {EURASIP Journal on Applied Signal Processing},month = aug,volume = 2005,number = 15,pages = {2455-2469}}@ARTICLE{starck:yassir05,AUTHOR     = {Y. Moudden and J.-F. Cardoso and J.-L. Starck and J. Delabrouille},TITLE     = {Blind Component Separation in Wavelet Space: Application to {CMB} Analysis},YEAR      = {2005},JOURNAL    = {EURASIP Journal on Applied Signal Processing},month = aug,volume = 2005,number = 15,pages = {2437-2454}}@ARTICLE{starck:sta04,AUTHOR     = {J.-L. Starck and M. Elad and D.L. Donoho},JOURNAL    =  {Advances in Imaging and Electron Physics},TITLE     = {Redundant Multiscale Transforms and their Application for MorphologicalComponent Analysis},volume = {132},YEAR       = {2004}}@ARTICLE{starck:sta03_1,AUTHOR     = {J.-L. Starck and N. Aghanim and O. Forni},JOURNAL    =  AA,TITLE     = {Detecting Cosmological non-Gaussian Signatures by Multi-scale Methods},volume = {416},pages = {9--17},YEAR       = {2004}}@ARTICLE{starck:sta02_5,AUTHOR     = {J.-L. Starck and M.K. Nguyen and F. Murtagh},JOURNAL    =  {Signal Processing},TITLE     = {Wavelets and Curvelets for Image Deconvolution: a Combined Approach},volume    = {83},number    = {10},PAGES      = {2279--2283},YEAR       = {2003} }@article{starck:renaud03,    author = {Renaud, Olivier and Starck, Jean-Luc and Murtagh, Fionn},    title =  {Prediction based on a Multiscale Decomposition},    year = {2003},    journal = {International Journal of Wavelets, Multiresolution and Information Processing},    volume = {1},    number = {2},    pages = {217--232},}@ARTICLE{starck:sta02_4,AUTHOR     = {J.-L. Starck and F. Murtagh and E. Candes and D.L. Donoho},JOURNAL    =  ITIP,TITLE     = {Gray and Color Image Contrast Enhancement by the              Curvelet Transform},volume    = {12},number    = {6},PAGES      = {706--717},YEAR       = {2003}}@ARTICLE{starck:sta02_3,AUTHOR     = {J.-L. Starck and E. Candes and D.L. Donoho},JOURNAL    =  AA,TITLE     = {Astronomical Image Representation by the Curvelet Tansform},VOLUME     = {398},PAGES      = {785--800},YEAR       = {2003}}@ARTICLE{starck:sta02_2,AUTHOR     = {J.-L. Starck and E. Pantin and F. Murtagh},JOURNAL    =   PASP,TITLE     = {Deconvolution in Astronomy: a Review},VOLUME     = {114},PAGES      = {1051--1069},YEAR       = {2002}}@ARTICLE{starck:sta02_1,AUTHOR     = {M. Farid and F. Murtagh and J.-L. Starck},JOURNAL    =   {Journal of the Society for Information Display},TITLE     = {Computer display control and interaction using eye-gaze},VOLUME     = {10},NUMBER     = {3},PAGES      = {289--329},YEAR       = {2002}} @ARTICLE{starck:sta01_3,AUTHOR     = {J.-L. Starck  and E. Cand\`es and D.L. Donoho},JOURNAL    =  ITIP,TITLE      = {The Curvelet Transform for Image Denoising},VOLUME     = {11},NUMBER     = {6},PAGES      = {131--141},YEAR       = {2002}}@INPROCEEDINGS{starck:spie02a,AUTHOR     = {D.L. Donoho and O. Levi and J.-L. Starck and V.J. Mart\'\i nez},TITLE      = {Multiscale Geometric Analysis for 3-D Catalogues},BOOKTITLE  = {{SPIE} conference on Astronomical Telescopes and Instrumentation:                  Astronomical Data Analysis II,               Waikoloa, Hawaii, 22-28 August},EDITOR     = {J.-L. Starck and F. Murtagh}, VOLUME     = {4847},PUBLISHER  = {SPIE},YEAR       = {2002}} @INPROCEEDINGS{starck:spie01b,AUTHOR     = {J.-L. Starck},TITLE      = {Detection of Anisotropic Features by the Curvelet Transform},BOOKTITLE  = {{SPIE} conference on Signal and Image Processing: Astronomical Data Analysis,               San Diego, 1-4 August},EDITOR     = {J.-L. Starck and F. Murtagh},PUBLISHER  = {SPIE},VOLUME     = {4477},PAGES      = {131--141},YEAR       = {2001}}@INBOOK{wave:book01,  AUTHOR       = {J.-L. Starck},  CHAPTER      = {{Astronomical Data Analysis: Perspectives                    from Multiscale Analysis}},  PUBLISHER    = {EDP Sciences - Springer-Verlag},  EDITOR       = {D. Egret and J.-L. Halbwachs},  TITLE        = {Grands Relev\'es et Observatoires Virtuels},  YEAR         = {2001}}@INPROCEEDINGS{starck:spie01a,author = {{Starck}, J.-L. and {Donoho}, D.~L. and {Candes}, E.~J.},title = "{Very high quality image restoration by combining wavelets and curvelets}",booktitle = {Proc. SPIE Vol. 4478, p. 9-19, Wavelets: Applications in Signal and Image Processing IX, Andrew F. Laine; Michael A. Unser; Akram Aldroubi; Eds.},year = 2001,month = dec,pages = {9-19},adsurl = {http://adsabs.harvard.edu/cgi-bin/nph-bib_query?bibcode=2001SPIE.4478....9S&db_key=INST},adsnote = {Provided by the NASA Astrophysics Data System}}@ARTICLE{starck:sta01_2,AUTHOR     = {J.-L. Starck  and P. Querre},JOURNAL    = {Signal Processing},TITLE      = {Multispectral Data Restoration by the Wavelet-Karhunen-Lo\`eve  Transform},VOLUME     = {81},PAGES      = {2449--2459},YEAR       = {2001}}@INBOOK{wave:book00a,  AUTHOR       = {F. Murtagh and J.-L. Starck},  CHAPTER      = {{Wavelets and Multiscale Transforms in Astronomical Image Processing}},  PUBLISHER    = {Kluwer},  EDITOR       = {J. Abello and P.M. Pardalos and M.G.C. Reisende},  TITLE        = {Handbook of Massive Data Sets},  PAGES        = {473--500},  YEAR         = {2002}}@misc{starck:mr1_01,   author =     {MR/1},    howpublished = {Multiresolution Image and Data Analysis Software Package, Version 3.0, Multi Resolutions Ltd.,     http://www.multiresolution.com},   year =       {2001}}@misc{starck:mr,   author =     {MR/1 MR/2 MR/3},    howpublished = {Multiresolution Image and Data Analysis Software Package, Multi Resolutions Ltd.,     (http://www.multiresolution.com)},   year =       {2001}}@ARTICLE{starck:mur00_1,AUTHOR     = {F. Murtagh and J.G. Campbell and J.-L. Starck},TITLE     = {Information Fusion of Model and Observed Data for Missing Data              Imputation in Oceanography},YEAR       = {2001},NOTE       = {technical report}}@ARTICLE{starck:sta00_1,AUTHOR     = {J.-L. Starck and F. Murtagh and F. Bonnarel and S. Couvidat},TITLE      = {Multiscale Entropy for Analysis Description of Images and Signals},YEAR       = {2000},NOTE       = {technical report}}@ARTICLE{starck:sta00_2,AUTHOR     = {J.-L. Starck and F. Murtagh},JOURNAL    = {{IEEE} Signal Processing Magazine},TITLE     = {Astronomical Image and Signal Processing: Looking at Noise, Information and Scale},VOLUME     = {18},PAGES      = {30--40},YEAR       = {2001}}@ARTICLE{starck:sta01_1,AUTHOR     = {J.-L. Starck and F. Murtagh and P. Querre and F. Bonnarel},JOURNAL    = AA,TITLE     = {Entropy and Astronomical Data Analysis: Perspectives from Multiresolution Analysis},VOLUME     = {368},PAGES      = {730--746},YEAR       = {2001}}@INBOOK{wave:book00b,  AUTHOR       = {F. Murtagh and J.-L. Starck},  CHAPTER      = {{Multiscale Image and Data Analysis}},  PUBLISHER    = {Marcel Dekker},  EDITOR       = {A. Kent and J.G. Williams},  ADDRESS      = { New York},  TITLE        = {Encyclopedia of Microcomputers},  VOLUME       = {26},  NUMBER       = {5},  PAGES        = {201--226},  YEAR         = {2001}}@INBOOK{wave:book00c,  AUTHOR       = {J.-L. Starck},  TITLE      = {{Data Analysis with ISOCAM}},  PUBLISHER    = {EDP Sciences -- Springer-Verlag},  EDITOR       = {F. Casoli and J.-L. Lequeux and F. Davids},  BOOKTITLE        = {IR Space Astronomy, Today and Tomorrow},  PAGES        = {63--87},  YEAR         = {2000}}@ARTICLE{starck:sta00_3,AUTHOR     = {J.-L. Starck and A. Bijaoui and I. Valtchanov and F. Murtagh},JOURNAL    = AAS,TITLE      = {A combined approach for object detection and deconvolution},VOLUME     = {147},PAGES      = {139--149},YEAR       = {2000}}@MISC{starck:habil,AUTHOR     = {J.-L. Starck},MONTH        = {29 Novembre 1999},TITLE        = {Entropie Multi\'echelle: D\'efinition et Applications},HOWPUBLISHED  = {Habilitation, Universit\'e de Paris XI,                  available at http://jstarck.free.fr},YEAR       = {1999}}@ARTICLE{starck:altieri99,    author = {{Altieri}, B. and {Metcalfe}, L. and {Blommaert}, J. and {Elbaz}, D. and         {Starck}, J.-L. and {Aussel}, H.},    title = "Ultimate sensitivity with {ISOCAM}",    journal = {Experimental Astronomy},    year = 2000,    month = aug,    volume = 10,    pages = {291--303},    url = {http://cdsads.u-strasbg.fr/cgi-bin/nph-bib_query?bibcode=2000ExA....10..291A&db_key=AST},    adsnote = {Provided by the NASA Astrophysics Data System}} @ARTICLE{starck:claret99,    author = {{Claret}, A. and {Dzitko}, H. and {Engelmann}, J. and {Starck}, J.-L.        },    title = "Glitch effects in {ISOCAM} Long Wave detector",    journal = {Experimental Astronomy},    year = 2000,    month = aug,    volume = 10,    pages = {305--318},    url = {http://cdsads.u-strasbg.fr/cgi-bin/nph-bib_query?bibcode=2000ExA....10..305C&db_key=AST},    adsnote = {Provided by the NASA Astrophysics Data System}}@TECHREPORT{starck:sta99_3,AUTHOR     = {J.-L. Starck and F. Murtagh},INSTITUTION = {CEA},TITLE      = {Image Filtering from Multiple Vision Model Combination},MONTH      = {January},YEAR       = {1999}}@ARTICLE{starck:elbaz99,AUTHOR     = {D. Elbaz and C.J. Cesarsky and D. Fadda and H. Aussel and F.X. D\'esert and A. Franceschini and H. Flores and M. Harwitand J.-L. Puget and J.-L. Starck and L. Danese and D.C. Koo and R. Mandolesi},JOURNAL    =  AA,TITLE      = {Source Counts from 15 micron {ISOCAM} {D}eep {S}urveys},VOLUME     = {351},PAGES      = {L37--L40},YEAR       = {1999}}@ARTICLE{starck:mur99_2,AUTHOR     = {F. Murtagh and J.-L. Starck and M. Berry},TITLE      = {Overcoming the Curse of Dimensionality              in Clustering by means of the Wavelet Transform},JOURNAL    = {Computer Journal},VOLUME     = {43},PAGES      = {95--103},YEAR       = {2000}}@ARTICLE{starck:sta99_4,AUTHOR     = {J.-L. Starck and H. Aussel and D. Elbaz and D. Fadda and C. Cesarsky},TITLE      = {Faint source detection in {ISOCAM} images},JOURNAL    = AAS,VOLUME     = {138},PAGES      = {365--379},YEAR       = {1999} }@ARTICLE{starck:gonghui99,    author = {G. Zheng and J.-L. Starck and J. Campbell and F. Murtagh},    title = "The Wavelet Transform for Filtering Financial Data Streams",    journal = {Journal of Computational Intelligence in Finance},    year = 1999,    volume = 7,    number =3,    pages = {18--35}}@ARTICLE{starck:more99,AUTHOR     = {M. Morehart and F. Murtagh and J.-L. Starck},JOURNAL    = {International Journal of Geographical Information Science},TITLE      = {Spatial Representation ofEconomic and Financial Measures Used in Agriculture Via Wavelet Analysis},VOLUME     = {13},NUMBER     = {6},PAGES      = {557--576},YEAR       = {1999}}@ARTICLE{starck:louys99,AUTHOR     = {M. Louys and J.-L. Starck and S. Mei and  F. Bonnarel and F. Murtagh},JOURNAL    = AAS,TITLE      = {Astronomical Image Compression},VOLUME     = {136},PAGES      = {579--590},YEAR       = {1999}}@ARTICLE{starck:sta99_2,AUTHOR     = {J.-L. Starck and F. Murtagh},JOURNAL    = SP,TITLE      = {Multiscale Entropy Filtering},VOLUME     = {76},PAGES      = {147--165},YEAR       = {1999}}@ARTICLE{starck:sta99_1,AUTHOR     = {J.-L. Starck and A. Abergel and H. Aussel and  M. Sauvage and R. Gastaud and A. Claret and X. Desert andC. Delattre and E. Pantin},JOURNAL    = AAS,TITLE      = {{ISOCAM} Data Processing},VOLUME     = {134},PAGES      = {135-148},YEAR       = {1999}}@ARTICLE{starck:aussel99,AUTHOR     = {H. Aussel and D. Elbaz and C. Cesarsky and  J.-L. Starck},JOURNAL    = AA,TITLE      = {{ISOCAM} observations of the {H}ubble {D}eep {F}ield with the {PRETI} method},VOLUME     = {342},PAGES      = {313-336},YEAR       = {1999},}@ARTICLE{starck:mur99_1,AUTHOR     = {F. Murtagh and  J.-L. Starck},JOURNAL    = {Statistics and Computing},TITLE      = {Image Processing through Multiscale Analysis and Measurement Noise Modeling},VOLUME     = {10},PAGES      = {95-103},YEAR       = {2000}}@misc{starck:mr1_99,   author =     {MR/1},    howpublished = {Multiresolution Image and Data Analysis Software Package, Version 1.0, Multi Resolutions Ltd.,     (http://www.multiresolution.com)},   year =       {1999}}@book{starck:book98,   author =  	{J.-L. Starck and F. Murtagh and A. Bijaoui},   title =  	{Image Processing and Data Analysis: The Multiscale Approach},   publisher =  {Cambridge University Press},   year =  	{1998}}@book{starck:book02,   author  =  {J.-L. Starck and F. Murtagh},   title   =  {Astronomical Image and Data Analysis},   publisher = {Springer-Verlag},   year   = {2002}}@misc{starck:mr1_98,   author =     {MR/1},    howpublished = {Multiresolution Image and Data Analysis Software Package, Version 2.0, Multi Resolutions Ltd.,     (http://ourworld.computeserve.com/homepages/multires).},   year =       {1998}}@ARTICLE{starck:sta98_3,AUTHOR     = {J.-L. Starck and  F. Murtagh},JOURNAL    =  PASP,TITLE      = {Automatic Noise Estimation from the Multiresolution Support},VOLUME     = {110},PAGES      = {193-199},YEAR       = {1998}}@ARTICLE{starck:sta98_2,AUTHOR     = {J.-L. Starck and F. Murtagh and  R. Gastaud},JOURNAL    = {IEEE Transactions on Circuits and Systems {II}},TITLE      = {A New Entropy Measure Based on the Wavelet Transform and Noise Modeling},VOLUME     = {45},PAGES      = {1118--1124},YEAR       = {1998}}@ARTICLE{starck:mur98_2,AUTHOR     = {F. Murtagh and J.-L. Starck and M. Louys},JOURNAL    = {International Journal of Imaging Systems and Technology},TITLE      = {Very High Quality Image Compression based on Noise Modeling},VOLUME     = {9},PAGES      = {38--45},YEAR       = {1998}}@ARTICLE{starck:sta98_1,AUTHOR     = {J.-L. Starck and  M. Pierre},JOURNAL    =  AAS,TITLE      = {Structure Detection in Low Intensity {X}-Ray Images},VOLUME     = {128},YEAR       = {1998}}@ARTICLE{starck:pie98,AUTHOR     = {M. Pierre and J.-L. Starck},JOURNAL    =  AA,TITLE      = {X-ray structures in galaxy cores},VOLUME     = {128},PAGES      = {801--818},YEAR       = {1998}}@ARTICLE{starck:mur98_1,AUTHOR     = {F. Murtagh and J.-L. Starck},JOURNAL    = {Pattern Recognition},TITLE      = {Pattern Clustering based on Noise Modeling in Wavelet Space},VOLUME     = {31},NUMBER     = {7},PAGES     = {847--855},YEAR       = {1998}} @ARTICLE{starck:sta97,AUTHOR     = {J.-L. Starck and R. Siebenmorgen and  R. Gredel},JOURNAL    = AJ, PAGES      = {1011-1020},TITLE      = {Spectral Analysis by the Wavelet Transform},VOLUME     = {482},YEAR       = {1997}}@ARTICLE{starck:ces96,AUTHOR     = {C.J. Cesarsky and A. Abergel and P. Agnese and others},JOURNAL    = AA,PAGES      = {L32},TITLE      = {{ISOCAM} in flight},VOLUME     = {315},YEAR       = {1996}}@ARTICLE{starck:sie96,AUTHOR     = {R. Siebenmorgen et al.},JOURNAL    = AA,PAGES      = {L169},TITLE      = {First results from the {ISOCAM} parallel mode},VOLUME     = {315},YEAR       = {1996}}@ARTICLE{starck:sau96,AUTHOR     = {M. Sauvage et al.},JOURNAL    = AA,PAGES      = {L89},TITLE      = {{ISOCAM} Mapping of the Whirlpool Galaxy },VOLUME     = {315},YEAR       = {1996}}@ARTICLE{starck:pan96,AUTHOR     = {E. Pantin and J.-L. Starck},JOURNAL    = AAS,PAGES      = {575-585},TITLE      = {Deconvolution of Astronomical Images using the Multiscale Maximum Entropy Method},VOLUME     = {315},YEAR       = {1996}}@ARTICLE{starck:sta96_1,AUTHOR     = {J.-L. Starck and E. Pantin},JOURNAL    = VA,PAGES      = {1-6},TITLE      = {Multiscale Maximum Entropy Images Restoration},VOLUME     = {40},NUMBER     = {4},YEAR       = {1996}}@ARTICLE{starck:mur96_1,AUTHOR     = {F. Murtagh and J.-L. Starck and P.F. Honor\'e and  W. Zeilinger},JOURNAL    = VA,PAGES      = {595-602},TITLE      = {Multiresolution Transforms for Object Detection and for Image Transmission},VOLUME     = {40},NUMBER     = {4},YEAR       = {1996}}@ARTICLE{starck:sta96_2,AUTHOR     = {J.-L. Starck and F. Murtagh and B. Pirenne and M. Albrecht},JOURNAL    = PASP,PAGES      = {446--455},TITLE      = {Astronomical Image Compression based on Noise Suppression},VOLUME     = {108},YEAR       = {1996}}@ARTICLE{starck:sta96_3,AUTHOR     = {J.-L. Starck and F. Murtagh and  D. Durand},JOURNAL    = {NASA Science Information Systems Newsletter},NUMBER     = {39},TITLE      = {New Results in Astronomical Image Compression},VOLUME     = {2},YEAR       = {1996}}@ARTICLE{starck:mur95_1,AUTHOR     = {F. Murtagh and J.-L. Starck and  A. Bijaoui},JOURNAL    =  {The International Journal of Image Systems and Technology},PAGES      = {332--338},TITLE      = {Multiresolution in Astronomical Image Processing: A General Framework},VOLUME     = {6},YEAR       = {1995}}@ARTICLE{starck:sta95_1,AUTHOR     = {J.-L. Starck and A. Bijaoui and  F. Murtagh},TITLE      = {Multiresolution Support Applied to Image Filtering and Deconvolution},JOURNAL    = {CVGIP: Graphical Models and Image Processing},VOLUME     = {57},PAGES      = {420--431},YEAR       = {1995}}@ARTICLE{starck:mur95_2,AUTHOR     = {F. Murtagh and J.-L. Starck  and A. Bijaoui},TITLE      = {Image Restoration  with Noise Suppression Using a Multiresolution Support},JOURNAL    = AAS,VOLUME     = {112},PAGES      = {179-189},YEAR       = {1995}}@ARTICLE{starck:mur95_3,AUTHOR     = {F. Murtagh and J.-L. Starck  and A. Bijaoui},TITLE       = {Image Analysis using Multiresolution: New Results},JOURNAL    = STECF,VOLUME     = {22},PAGES      = {6-8},YEAR       = {1995}}@ARTICLE{starck:bij94_1,AUTHOR     = {A. Bijaoui and J.-L. Starck  and F. Murtagh},TITLE      = {Restauration des Images Multi-\'Echelles par l'Algorithme \`a Trous},JOURNAL    =  {Traitement du Signal},VOLUME     = {3},PAGES      = {11},YEAR       = {1994}}@ARTICLE{starck:sta94_1,AUTHOR     = {J.-L. Starck  and F. Murtagh},TITLE      = {Image Restoration with Noise Suppression Using the Wavelet Transform},JOURNAL    = AA,VOLUME     = {288},PAGES      = {343-348},YEAR       = {1994}}@ARTICLE{starck:sta94_2,AUTHOR     = {J.-L. Starck and  A. Bijaoui},TITLE      = {Multiresolution Deconvolution},JOURNAL    = JOSAA,VOLUME     = {11},NUMBER     = {4},YEAR       = {1994}}@ARTICLE{starck:sta94_3,AUTHOR     = {J.-L. Starck and A. Bijaoui and B. Lopez and C. Perrier},TITLE      = {Image Reconstruction by the Wavelet Transform Applied to Aperture Synthesis},JOURNAL    = AA,VOLUME     = {283},PAGES     = {349--360},YEAR       = {1994}}@ARTICLE{starck:sta94_4,AUTHOR     = {J.-L. Starck and A. Bijaoui},TITLE      = {Filtering and Deconvolution by the Wavelet Transform},JOURNAL    = {Signal Processing},VOLUME     = {35},PAGES     = {195--211},YEAR       = {1994}}@ARTICLE{starck:sta94_5,AUTHOR     = {J.-L. Starck and  F. Murtagh},TITLE      = {Multiresolution image analysis using wavelets: recent results},JOURNAL    = {Bulletin of the American Astronomical Society},VOLUME     = {26},NUMBER     = {2},PAGES     = {1003--1005},YEAR       = {1994}}@ARTICLE{starck:mur94_1,AUTHOR     = {F. Murtagh and J.-L. Starck},TITLE      = {Multiresolution image analysis using wavelets: Some Recent Results and Some Current Directions},JOURNAL    = {ST-ECF Newsletter No.\ 21},PAGES  = {19--20},YEAR       = {1994}}  @ARTICLE{starck:mur93,AUTHOR     = {F. Murtagh and W.W. Zeilinger and J.-L. Starck},TITLE      = {Detection of Faint Extended Structures by Multiresolution Wavelet Analysis},JOURNAL    = {ESO Messenger},VOLUME     = {73},PAGES      = {37--39},YEAR       = {1993}}@ARTICLE{starck:cru92,AUTHOR     = {P. Cruzal\`ebes, G. Schumacher and J.-L. Starck},TITLE      = {Model Independent Mapping by Optical Aperture Synthesis. {B}asic principles and computer simulation},JOURNAL    = {JOSAA},VOLUME     = {9},NUMBER     = {5},YEAR       = {1992}}@TECHREPORT{starck:sadam,AUTHOR     = {J.-L. Starck},INSTITUTION = {CEA},MONTH      = {Mai},TITLE      = {Syst\`eme d'Analyse de Donn\'ees Astronomiques par Multir\'esolution},YEAR       = {1995}} @TECHREPORT{starck:midas,AUTHOR     = {J.-L. Starck},INSTITUTION = {European Southern Observatory -- Image Processing Group},MONTH      = {Release 93NOV},TITLE      = {The Wavelet Context},YEAR       = {1993}} @INPROCEEDINGS{starck:compress97_1,AUTHOR     = {J.-L. Starck and F. Murtagh and M. Louys},TITLE      = {High Quality Astronomical Image Compression},BOOKTITLE  = {Data and Information Fusion, Integration and Classification},EDITOR     = {R. Molina},YEAR       = {1997}}@INPROCEEDINGS{starck:compress97_2,AUTHOR     = {J.-L. Starck and F. Murtagh and M. Louys},TITLE      = {Astronomical data compression},BOOKTITLE  = {Advanced techniques and methods for astronomical information handling},EDITOR     = {A. Bijaoui},YEAR       = {1997}}@TECHREPORT{starck:tr_sta00, AUTHOR     = {J.-L. Starck},INSTITUTION = {CEA-Stanford, Depatment of statistics},TITLE      = {From Wavelet to Curvelet through Ridgelet},YEAR       = {2000}} @TECHREPORT{starck:tr_sta99a, AUTHOR     = {I. Valtchanov  and  J.-L. Starck},INSTITUTION = {CEA},TITLE      = {Data analysis using the two points correlation function},YEAR       = {1999}} @TECHREPORT{starck:tr_sta99b,AUTHOR     = {J.-L. Starck},INSTITUTION = {CEA},TITLE      = {Wavelet Transform and {X}-ray Images},YEAR       = {1999}} @TECHREPORT{starck:tr_dubois98,AUTHOR     = {O. Dubois and J.-L. Starck and J. Idier},INSTITUTION = {CEA},TITLE      = {Deconvolution of astronomical images using a {M}arkov random field},YEAR       = {1998}} @TECHREPORT{starck:tr_sta96_1,AUTHOR     = {J.-L. Starck and H. Aussel and R. Gastaud and D. Elbaz},INSTITUTION = {CEA},TITLE      = {Deep Survey Data Calibration from Pattern Recognition},YEAR       = {1996}} @TECHREPORT{starck:tr_sta96_2,AUTHOR     = {J.-L. Starck},INSTITUTION = {CEA},TITLE      = {Analysis of {VLA} {L}ockman {H}ole data},YEAR       = {1996}} @TECHREPORT{starck:tr_sta96_3,AUTHOR     = {J.-L. Starck and H. Aussel and D. Elbaz},INSTITUTION = {CEA},TITLE      = {Sources Detection with {ISOCAM}},YEAR       = {1996}} @TECHREPORT{starck:tr_sta96_4,AUTHOR     = {A. Claret and J.-L. Starck},INSTITUTION = {CEA},TITLE      = {{ISOCAM} Data Analysis with {X}\_{CIA} Environment},YEAR       = {1996}} @TECHREPORT{starck:tr_sta96_5,AUTHOR     = {J.P. Djamdji and J.-L. Starck and A. Claret},INSTITUTION = {CEA},TITLE      = {{ISOCAM} Images Registration},YEAR       = {1996}} @TECHREPORT{starck:tr_sta96_6,AUTHOR     = { J.-L. Starck and A. Claret and R. Siebenmorgen},INSTITUTION = {CEA},TITLE      = {{ISOCAM} Data Calibration},YEAR       = {1996}} @TECHREPORT{starck:tr_sta95,AUTHOR     = { J.-L. Starck and R. Gastaud},INSTITUTION = {CEA},TITLE      = {{ISOCAM} Interactive Analysis: an overview},YEAR       = {1995}} @TECHREPORT{starck:tr_dark96,AUTHOR     = {J.-L. Starck and E. Pantin},INSTITUTION = {CEA},TITLE      = {Second Order Dark Correction},YEAR       = {1996}} @TECHREPORT{starck:tr_idum96,AUTHOR      = {R. Siebenmorgen and J.-L. Starck and D.A. Cesarsky and S. Guest and M. Sauvage},INSTITUTION = {ESA},TITLE       = {{ISOCAM} Data Users Manual Version 2.1},NUMBER      = {SAI/95-222/Dc},YEAR        = {1996}} @INPROCEEDINGS{starck:daubos99,AUTHOR     = {T. Daubos and Z. Geradts and J.-L. Starck and  J. Campbell and F. Murtagh},TITLE      = {Improving Video Image Quality usinf Automated Wavelet-Based Image Addition},BOOKTITLE  = {SPIE conference on Signal and Image Processing: Wavelet Applications in Signal and Image Processing VII, Denvers, 18-23 July},YEAR       = {1999}}	@INPROCEEDINGS{starck:gastaud98,TITLE      = {Background Fluctuation Analysis from the Multiscale Entropy},AUTHOR     = {R. Gastaud and J.-L. Starck and M. Pierre},PAGES = {399--402},BOOKTITLE  = {Astronomical Data Analysis Software and Systems VIII},EDITOR     = {D. M. Mehringer and R. L. Plante and D. A. Roberts},ADRESS =    {San  Francisco},JOURNAL = {ASP Conf. Ser.},VOLUME = {172},YEAR       = {1999}}@INPROCEEDINGS{starck:campbell98,AUTHOR     = {J.-G. Campbell and F. Murtagh and J.-L. Starck},TITLE      = {Feature Detection and Compression of Mammography Images},BOOKTITLE  = {Bioengineering in Ireland \& Ulster Biomedical Engineering Society Conference, Dublin},YEAR       = {1998}}@INPROCEEDINGS{starck:sta_arc,AUTHOR     = {J.-L. Starck and  H. Aussel and D. Elbaz  and C. Cesarsky},TITLE      = {Faint Source Detection with {ISOCAM} using the {PRETI} method},BOOKTITLE  = {Extragalactic Astronomy in the Infrared},EDITOR     = {G.A. Mamon and Trinh Xu\^an Thu\^an and J. Tr\^an Thanh V\^an},PUBLISHER  = {Editions Fronti\`eres},PAGES      = {481--486},YEAR       = {1997}}@PHDTHESIS{starck:phd,  AUTHOR       = {J.-L. Starck},  MONTH        = {4 December},  SCHOOL       = {Universit\'e de Nice Sophia Antipolis},  TITLE        = {Analyse en ondelettes et Haute R\'esolution Angulaire},  YEAR         = {1992}}@INPROCEEDINGS{starck:yose00,AUTHOR     = {J.-L. Starck},TITLE      = {Nonlinear Multiscale Transforms},BOOKTITLE  = {Multiscale and Multiresolution Methods},EDITOR     = {T. Barth and T. Chan and R. Haimes},PUBLISHER  = {Springer-Verlag},PAGES      = {239--278},YEAR       = {2002}}@INPROCEEDINGS{starck:gastaud01,AUTHOR     = {R.D. Gastaud  and  F.S. Popoff and J.-L. Starck},TITLE      = {A widget interface for compressed image based on {SAO-DS9}},BOOKTITLE  = {Astronomical Data Analysis Software and Systems Conference XI},publisher  = {Astronomical Society of the Pacific},YEAR       = {2001}}@INPROCEEDINGS{starck:ivan00,    author = {{Valtchanov}, I. and {Gastaud}, R. and {Pierre}, M. and {Starck}, J.-.L },    title = {Detecting High-Redshift Clusters with {XMM}},    booktitle = {ASP Conference Series 200: Clustering at High Redshift},    year = 2000,    pages = {460},    publisher = {Astronomical Society of the Pacific},    url = {http://cdsads.u-strasbg.fr/cgi-bin/nph-bib_query?bibcode=2000chr..conf..460V&db_key=AST},    adsnote = {Provided by the NASA Astrophysics Data System}}@INPROCEEDINGS{starck:sta91,    author = {{Starck}, J.~L. and {Bijaoui}, A.},    title = "{Filtering and Restoration with the Wavelet Transform}",    booktitle = {3rd ESO/ST-EFC Data Analysis Workshop, held in Garching, 22-23 April, 1991.  Edited by P.J. Grosb{\o}l and R.H. Warmels.  ESO Conference and Workshop Proceedings, No. 38.  Garching: European Southern Observatory, p. 17, 1991},    year = 1991,    pages = {17-+},    adsurl = {http://cdsads.u-strasbg.fr/cgi-bin/nph-bib_query?bibcode=1991daan.work...17S&db_key=AST},    adsnote = {Provided by the NASA Astrophysics Data System}}@INPROCEEDINGS{starck:barcelona03,AUTHOR     = {J.-L. Starck and M. K. Nguyen and F. Murtagh},TITLE      = {Deconvolution based on the Curvelet Transform},BOOKTITLE  = {International Conference on Image Processing, September 14-17,               Barcelona, Spain},YEAR       = {2003}}@INPROCEEDINGS{starck:capri02,AUTHOR     = {J.-L. Starck},TITLE      = {Image Processing by the Curvelet Transform},BOOKTITLE  = {2002 Tyrrhenian International Workshop on Digital Communications,              Advanced Methods for Multimedia Signal Processing},EDITOR     = {R. Leonardi},PUBLISHER  = {CNIT},YEAR       = {2002}}