@STRING {AA = "Astronomy and Astrophysics"}@STRING {AAS = "Astronomy and Astrophysics, Supplement Series"}@STRING{EA = "Experimental Astronomy"}@STRING{VA = "Vistas in Astronomy"}@STRING{NA = "New Astronomy"}@STRING{JOSAA = "Journal of the  Optical Society of  America A"}@STRING{PASP = "Publications of the Astronomical Society of the Pacific"}@STRING{STECF = "ST-ECF Newsletter"}@STRING {AJ = "Astrophysical Journal"}@STRING{CVGIP = "Computer Vision, Graphics and Image Processing"}@STRING {TC = "IEEE Transactions on Computers"}@STRING{I3EMI = "IEEE Transactions on Medical Imaging"}@STRING{ASSP = "IEEE Transactions on Acoustics, Speech and Signal Processing"}@STRING{CAS = "IEEE Transactions on Circuits and Systems"}@STRING{COM = "IEEE Transactions on Communications"}@STRING{GRS = "IEEE Transactions on Geoscience and Remote Sensing"}@STRING{ICASSP = "Proc. IEEE Int. Conf. Acoust. Speech., Signal Processing"}@STRING{IT = "IEEE Transactions on Information Theory"}@STRING{ITSP = "IEEE Transactions on Signal Processing"}@STRING{ITIP = "IEEE Transactions on Image Processing"}@STRING{JFr = "J. Franklin Institute"}@STRING{JOSA = "Juornal of the Optical Society of America"}@STRING{MJ = "Mathematical Geology."}@STRING{PAIAA = "Proc Amer Inst Aeronautics And Astronautics 8th AnnualMeeting"}@STRING{PAMI = "IEEE Transactions on Pattern Analysis and Machine Intelligence"}@STRING{PERS = "Photogrammetric Engineering and Remote Sensing"}@STRING{IJRS = "International Journal of Remote Sensing"}@STRING{IBM = "IBM Journal of Research and Development"}@STRING{SP = "Signal Processing"}@STRING{ARAA = "Annual Review of Astronomy and Astrophysics"}@STRING {JASA = "Journal of the American Statistical Association"}@string {IEEETSP = "IEEE Transactions on Signal Processing"}@string {IEEETCSVT = "IEEE Transactions on Circuits and Systems for Video Tech."}@ARTICLE{text:sapiro97,AUTHOR     = {G. Sapiro},JOURNAL    = {Computer Vision and Image Understanding},TITLE      = {Color Snakes},VOLUME     = {68},NUMBER     = {2},PAGES      = {247-253},YEAR       = {1997}}@TECHREPORT{text:guo01,AUTHOR     = {B. Guo and L. Liang and C.  Liu and H.Y. Shum and Y. Xu},INSTITUTION = {Microsoft},TITLE      = {Real-Time Texture Synthesis By Patch-Based Sampling},NUMBER     = {MSR-TR-2001-40},YEAR       = {2001}}@TECHREPORT{text:aujol03,AUTHOR     = {J.F. Aujol and G. Aubert and L. Blanc-Feraud and A. Chambolle},INSTITUTION = {INRIA - Project ARIANA, Sophia Antipolis},TITLE      = {Image Decomposition: Application to Textured Images and {SAR} Images},NUMBER     = {ISRN I3S/RR-2003-01-FR},YEAR       = {2003}}@TECHREPORT{text:wei02,AUTHOR     = {L.Y Wei and M. Levoy},INSTITUTION = {Computer Science Department, Stanford University},TITLE      = {Order-Independent Texture Synthesis},NUMBER     = {TR-2002-01},YEAR       = {2001}}@ARTICLE{text:elad03,AUTHOR     = {D.L. Donoho and M. Elad},JOURNAL    = {Proc. Nat. Acad. Sci.},TITLE      = {Maximal Sparsity Representation via $l_1$ Minimization},VOLUME     = {100},PAGES      = {2197-2202},YEAR       = {2003}}@ARTICLE{text:Sapiro,AUTHOR     = {M. Bertalmio and L. Vese and G. Sapiro and S. Osher},JOURNAL    = {to appear in IEEE Trans. on Image Processing},TITLE      = {Simultaneous structure and texture image inpainting},YEAR       = {2003}}@ARTICLE{text:Bruce98,AUTHOR     = {A.G. Bruce and S. Sardy and P. Tseng},JOURNAL    = {Proceedings of the SPIE - The International Society for Optical Engineering},TITLE      = {Block coordinate relaxation methods for nonparametric signal de-noising},VOLUME     = {3391},PAGES      = {75-86},YEAR       = {1998}}@PHDTHESIS{text:bornard02,  AUTHOR       = {R. Bornard},  MONTH        = {November},  SCHOOL       = {Ecole Centrale Paris},  TITLE        = {Approches probabilistes appliqu\'ees \`a la restauration num\'erique d'archives t\'el\'evis\'ees},  YEAR         = {2002}}@inproceedings{Efros99,    AUTHOR  = {A.A. Efros and T.K. Leung},    TITLE   = {Texture Synthesis by Non-parametric Sampling},    BOOKTITLE = {IEEE International Conference on Computer Vision},    YEAR    = {1999},    ADDRESS = {Corfu, Greece},    MONTH   = {September},    PAGES   = {1033-1038}}