@STRING {AA = "Astronomy and Astrophysics"} @STRING {AAS = "Astronomy and Astrophysics, Supplement Series"}@STRING{EA = "Experimental Astronomy"}@STRING{VA = "Vistas in Astronomy"}@STRING{NA = "New Astronomy"}@STRING{JOSAA = "Journal of the  Optical Society of  America A"}@STRING{PASP = "Publications of the Astronomical Society of the Pacific"}@STRING{STECF = "ST-ECF Newsletter"}@STRING {AJ = "Astrophysical Journal"}@STRING {AJL = "Astrophysical Journal Letter"}@STRING {AJS = "Astrophysical Journal, Supplement Series"}@STRING {AN = "Astronomical Journal"}@STRING{MNRAS = "MNRAS"}@STRING{CVGIP = "Computer Vision, Graphics and Image Processing"}@STRING {TC = "IEEE Transactions on Computers."} @STRING{ASSP = "IEEE Transactions on Acoustics, Speech and Signal Processing"}@STRING{CAS = "IEEE Transactions on Circuits and Systems"}@STRING{COM = "IEEE Transactions on Communications"}@STRING{GRS = "IEEE Transactions on Geoscience and Remote Sensing"}@STRING{ICASSP = "Proc. IEEE Int. Conf. Acoust. Speech., Signal Processing"}@STRING{IT = "IEEE Transactions on Information Theory"}@STRING{ITSP = "IEEE Transactions on Signal Processing"}@STRING{ITIP = "IEEE Transactions on Image Processing"}@STRING{JFr = "J. Franklin Institute"}@STRING{JOSA = "Journal of the  Optical Society of America"}@STRING{MJ = "Mathematical Geology"}@STRING{PAIAA = "Proc Amer Inst Aeronautics And Astronautics 8th Annual Meeting"}@STRING{PAMI = "IEEE Transactions on Pattern Analysis and Machine Intelligence"}@STRING{PERS = "Photogrammetric Engineering and Remote Sensing"}@STRING{IJRS = "International Journal of Remote Sensing"}@STRING{IBM = "IBM J. Res. \& Develop."}@STRING{SP = "Signal Processing"}@STRING{ARAA = "Annual Review of Astronomy and Astrophysics"}@STRING {JASA = "Journal of the American Statistical Association"}@string {IEEETSP = "IEEE Transactions on Signal Processing"}@string {IEEETCSVT = "IEEE Trans. on Circ. and Syst. for Video Tech."}@STRING {JASA = "Journal of the American Statistical Association"}@STRING {PRD = "Phys. Rev. D"}@ARTICLE{benjamini95,  author = {Benjamini, Y. and Hochberg, Y},    title = {Controlling the false discovery rate - a practical and              powerful approach to multiple testing},  journal = {J. R. Stat. Soc. B},     year = 1995,    volume = 57,    pages = {289} }@ARTICLE{miller01,   author = {{Miller}, C.~J. and {Genovese}, C. and {Nichol}, R.~C. and {Wasserman}, L. and 	{Connolly}, A. and {Reichart}, D. and {Hopkins}, A. and {Schneider}, J. and 	{Moore}, A.},    title = "{Controlling the False-Discovery Rate in Astrophysical Data Analysis}",  journal = AN,     year = 2001,    month = dec,   volume = 122,    pages = {3492-3505},   adsurl = {http://adsabs.harvard.edu/cgi-bin/nph-bib_query?bibcode=2001AJ....122.3492M&amp;db_key=AST},  adsnote = {Provided by the NASA Astrophysics Data System}}@ARTICLE{hopkins02,   author = {{Hopkins}, A.~M. and {Miller}, C.~J. and {Connolly}, A.~J. and 	{Genovese}, C. and {Nichol}, R.~C. and {Wasserman}, L.},    title = "{A New Source Detection Algorithm Using the False-Discovery Rate}",  journal = AN,     year = 2002,    month = feb,   volume = 123,    pages = {1086-1094},   adsurl = {http://adsabs.harvard.edu/cgi-bin/nph-bib_query?bibcode=2002AJ....123.1086H&amp;db_key=AST},  adsnote = {Provided by the NASA Astrophysics Data System}}@ARTICLE{kaiser92,   author = {{Kaiser}, N.},    title = "{Weak gravitational lensing of distant galaxies}",  journal = AJ,     year = 1992,    month = apr,   volume = 388,    pages = {272-286},   adsurl = {http://adsabs.harvard.edu/cgi-bin/nph-bib_query?bibcode=1992ApJ...388..272K&amp;db_key=AST},  adsnote = {Provided by the NASA Astrophysics Data System}}@ARTICLE{marshall02,   author = {{Marshall}, P.~J. and {Hobson}, M.~P. and {Gull}, S.~F. and 	{Bridle}, S.~L.},    title = "{Maximum-entropy weak lens reconstruction: improved methods and application to data}",  journal = MNRAS,     year = 2002,    month = oct,   volume = 335,    pages = {1037-1048},   adsurl = {http://adsabs.harvard.edu/cgi-bin/nph-bib_query?bibcode=2002MNRAS.335.1037M&amp;db_key=AST},  adsnote = {Provided by the NASA Astrophysics Data System}}@ARTICLE{bartelman95,   author = {{Bartelmann}, M.},    title = "{Cluster mass estimates from weak lensing.}",  journal = AA,     year = 1995,    month = nov,   volume = 303,    pages = {643-+},   adsurl = {http://adsabs.harvard.edu/cgi-bin/nph-bib_query?bibcode=1995A%26A...303..643B&amp;db_key=AST},  adsnote = {Provided by the NASA Astrophysics Data System}}@ARTICLE{kaiser93,   author = {{Kaiser}, N. and {Squires}, G.},    title = "{Mapping the dark matter with weak gravitational lensing}",  journal = {\apj},     year = 1993,    month = feb,   volume = 404,    pages = {441-450},   adsurl = {http://adsabs.harvard.edu/cgi-bin/nph-bib_query?bibcode=1993ApJ...404..441K&db_key=AST},  adsnote = {Provided by the NASA Astrophysics Data System}}@ARTICLE{kaiser95,   author = {{Kaiser}, N.},    title = "{Nonlinear cluster lens reconstruction}",  journal = AJL,     year = 1995,    month = jan,   volume = 439,    pages = {L1-L3},   adsurl = {http://adsabs.harvard.edu/cgi-bin/nph-bib_query?bibcode=1995ApJ...439L...1K&amp;db_key=AST},  adsnote = {Provided by the NASA Astrophysics Data System}}@ARTICLE{squires96,   author = {{Squires}, G. and {Kaiser}, N.},    title = "{Unbiased Cluster Lens Reconstruction}",  journal = {\apj},     year = 1996,    month = dec,   volume = 473,    pages = {65-+},   adsurl = {http://adsabs.harvard.edu/cgi-bin/nph-bib_query?bibcode=1996ApJ...473...65S&db_key=AST},  adsnote = {Provided by the NASA Astrophysics Data System}}@ARTICLE{schneider95,   author = {{Schneider}, P. and {Seitz}, C.},    title = "{Steps towards nonlinear cluster inversion through gravitational distortions. 1: Basic considerations and circular clusters}",  journal = AA,     year = 1995,    month = feb,   volume = 294,    pages = {411-431},   adsurl = {http://adsabs.harvard.edu/cgi-bin/nph-bib_query?bibcode=1995A%26A...294..411S&amp;db_key=AST},  adsnote = {Provided by the NASA Astrophysics Data System}}@ARTICLE{bridle98,   author = {{Bridle}, S.~L. and {Hobson}, M.~P. and {Lasenby}, A.~N. and 	{Saunders}, R.},    title = "{A maximum-entropy method for reconstructing the projected mass distribution of gravitational lenses}",  journal = MNRAS,     year = 1998,    month = sep,   volume = 299,    pages = {895-903},   adsurl = {http://adsabs.harvard.edu/cgi-bin/nph-bib_query?bibcode=1998MNRAS.299..895B&amp;db_key=AST},  adsnote = {Provided by the NASA Astrophysics Data System}}@ARTICLE{bridle00,    author = {{Bridle}, S.~L. and {Hobson}, M.~P. and {Saunders}, R. and {Lasenby}, A.~N.	},    title = "{Maximum-entropy reconstruction of gravitational lenses using shear and/or magnification data}",    journal = {ArXiv Astrophysics e-prints},    eprint = {astro-ph/0010387},    year = 2000,    month = oct,   adsurl = {http://adsabs.harvard.edu/cgi-bin/nph-bib_query?bibcode=2000astro.ph.10387B&db_key=PRE},  adsnote = {Provided by the NASA Astrophysics Data System}}@ARTICLE{bartelmann96,   author = {{Bartelmann}, M. and {Narayan}, R. and {Seitz}, S. and {Schneider}, P.	},    title = "{Maximum-likelihood Cluster Reconstruction}",  journal = {\apjl},     year = 1996,    month = jun,   volume = 464,    pages = {L115+},   adsurl = {http://adsabs.harvard.edu/cgi-bin/nph-bib_query?bibcode=1996ApJ...464L.115B&db_key=AST},  adsnote = {Provided by the NASA Astrophysics Data System}}@ARTICLE{seitz98,   author = {{Seitz}, S. and {Schneider}, P. and {Bartelmann}, M.},    title = "{Entropy-regularized maximum-likelihood cluster mass reconstruction}",  journal = {\aap},     year = 1998,    month = sep,   volume = 337,    pages = {325-337},   adsurl = {http://adsabs.harvard.edu/cgi-bin/nph-bib_query?bibcode=1998A%26A...337..325S&db_key=AST},  adsnote = {Provided by the NASA Astrophysics Data System}}@ARTICLE{vale03,   author = {{Vale}, C. and {White}, M.},    title = "{Simulating Weak Lensing by Large-Scale Structure}",  journal = {\apj},     year = 2003,    month = aug,   volume = 592,    pages = {699-709},   adsurl = {http://adsabs.harvard.edu/cgi-bin/nph-bib_query?bibcode=2003ApJ...592..699V&db_key=AST},  adsnote = {Provided by the NASA Astrophysics Data System}}@ARTICLE{bartelmann99,    author = {{Bartelmann}, M. and {Schneider}, P.},    title = "{Weak Gravitational Lensing}",    journal = {ArXiv Astrophysics e-prints},    eprint = {/99912508},    year = 1999,    month = dec,   adsurl = {http://adsabs.harvard.edu/cgi-bin/nph-bib_query?bibcode=1999astro.ph.12508B&db_key=PRE},  adsnote = {Provided by the NASA Astrophysics Data System}}