@STRING {AA = "Astronomy and Astrophysics"} 
@STRING {AAS = "Astronomy and Astrophysics, Suppl. Ser."}
@STRING{EA = "Experimental Astronomy"}
@STRING{VA = "Vistas in Astronomy"}
@STRING{NA = "New Astronomy"}
@STRING{JOSAA = "Journal of the  Optical Society of  America A"}
@STRING{PASP = "Publications of the Astronomical Society of the Pacific"}
@STRING{STECF = "ST-ECF Newsletter"}
@STRING {AJ = "Astrophysical Journal"}
@STRING {AJL = "Astrophysical Journal Letters"}
@STRING{CVGIP = "Computer Vision, Graphics and Image Processing"}
@STRING {TC = "IEEE Transactions on Computers"} 
@STRING{ASSP = "IEEE Transactions on Acoustics, Speech and Signal Processing"}
@STRING{CAS = "IEEE Transactions on Circuits and Systems."}
@STRING{COM = "IEEE Transactions on Communications"}
@STRING{GRS = "IEEE Transactions on Geoscience and Remote Sensing"}
@STRING{ICASSP = "Proc. IEEE Int. Conf. Acoust. Speech., Signal Processing"}
@STRING{IT = "IEEE Transactions on Information Theory"}
@STRING{ITSP = "IEEE Transactions on Signal Processing"}
@STRING{ITIP = "IEEE Transactions on Image Processing"}
@STRING{JFr = "J. Franklin Institute"}
@STRING{JOSA = "J. Opt. Soc. Amer."}
@STRING{MJ = "Mathematical Geology"}
@STRING{PAIAA = "Proc Amer Inst Aeronautics And Astronautics 8th Annual
 Meeting"}
@STRING{PAMI = "IEEE Transactions on Pattern Analysis and Machine Intelligence"}
@STRING{PERS = "Photogrammetric Engineering and Remote Sensing"}
@STRING{IJRS = "International Journal of Remote Sensing"}
@STRING{IBM = "IBM J. Res. \& Develop."}
@STRING{SP = "Signal Processing"}
@STRING{ARAA = "Annual Review of Astronomy and Astrophysics"}
@STRING {JASA = "Journal of the American Statistical Association"}

@ARTICLE{cf:efron86,
    author = {B. Efron and R. Tibshirani},
    title = {The bootstrap method for standard errors, confidence intervals, 
             and other measures of statistical accuracy},
    journal = {Statistical Science},
    year = 1986,
    volume = {1},
    number = {1},
    pages = {54},
}


@BOOK{cf:peebles80,
    author = {{Peebles}, P. J. E.},
    title = {The large-scale structure of the universe},
    publisher = {Research supported by the National Science Foundation. Princeton, N.J., Princeton University Press, 1980. 435 p.},
    year = 1980,
    url = {http://cdsads.u-strasbg.fr/cgi-bin/nph-bib_query?bibcode=1980lssu.book.....P&db_key=AST},
    adsnote = {Provided by the NASA Astrophysics Data System}
}

@ARTICLE{cf:davis83,
    author = {{Davis}, M. and {Peebles}, P. J. E.},
    title = {A survey of galaxy redshifts. {V} -- {T}he two-point position 
    and velocity correlations},
    journal = AJ,
    year = 1983,
    month = apr,
    volume = 267,
    pages = {465--482},
}

@ARTICLE{cf:hamilton93,
    author = {{Hamilton}, A. J. S.},
    title = {Toward Better Ways to Measure the Galaxy Correlation Function},
    journal = AJ,
    year = 1993,
    month = nov,
    volume = 417,
    pages = {19+},
    url = {http://cdsads.u-strasbg.fr/cgi-bin/nph-bib_query?bibcode=1993ApJ...417...19H&db_key=AST},
    adsnote = {Provided by the NASA Astrophysics Data System}
}


@ARTICLE{cf:landy93,
    author = {{Landy}, S. D. and {Szalay}, A. S.},
    title = {Bias and variance of angular correlation functions},
    journal = AJ,
    year = 1993,
    month = jul,
    volume = 412,
    pages = {64--71},
    url = {http://cdsads.u-strasbg.fr/cgi-bin/nph-bib_query?bibcode=1993ApJ...412...64L&db_key=AST},
    adsnote = {Provided by the NASA Astrophysics Data System}
}

@ARTICLE{cf:pons99,
    author = {{Pons-Borderia}, M. and  
              Martinez, V. J. and Stoyan, D. and Stoyan, H. and Saar, E.},
    title = {Comparing estimators of the galaxy correlation function},
    journal = {Astrophysical Journal, in press},
    year = 1999,
}

@book{cf:stoyan95,
   author =  	{D. Stoyan and W.S. Kendall and J. Mecke},
   title =  	{Stochastic Geometry and its Applications},
   publisher =  {J. Wiley \& Sons},
   address    =  {Chichester},
   year =  	1995,
}

@ARTICLE{cf:fisher95,
    author = {{Fisher}, Karl B. and {Huchra}, John P. and {Strauss}, Michael A. and 
        {Davis}, Marc and {Yahil}, Amos and {Schlegel}, David},
    title = {The IRAS 1.2 Jy Survey: Redshift Data},
    journal = {Astrophysical Journal Supplement},
    year = 1995,
    month = sep,
    volume = 100,
    pages = {69+},
    url = {http://cdsads.u-strasbg.fr/cgi-bin/nph-bib_query?bibcode=1995ApJS..100...69F&db_key=AST},
    adsnote = {Provided by the NASA Astrophysics Data System}
}




@ARTICLE{1973ApJ...185..413P,
    author = {{Peebles}, P. J. E.},
    title = {STATISTICAL ANALYSIS OF CATALOGS OF EXTRAGALACTIC OBJECTS. I. THEORY},
    journal = AJ,
    year = 1973,
    month = oct,
    volume = 185,
    pages = {413--440},
    url = {http://adsabs.harvard.edu/cgi-bin/nph-bib_query?bibcode=1973ApJ...185..413P&db_key=AST},
    adsnote = {Provided by the NASA Astrophysics Data System}
}

@ARTICLE{1975ApJ...196..647P,
    author = {{Peebles}, P. J. E.},
    title = {Statistical analysis of catalogs of extragalactic objects. VI - The galaxy distribution in the Jagellonian field},
    journal = AJ,
    year = 1975,
    month = mar,
    volume = 196,
    pages = {647--651},
    url = {http://adsabs.harvard.edu/cgi-bin/nph-bib_query?bibcode=1975ApJ...196..647P&db_key=AST},
    adsnote = {Provided by the NASA Astrophysics Data System}
}


@ARTICLE{1976A&A....53..131P,
    author = {{Peebles}, P. J. E. and {Groth}, E. J.},
    title = {An integral constraint for the evolution of the galaxy two-point correlation function},
    journal = AA,
    year = 1976,
    month = nov,
    volume = 53,
    pages = {131--140},
    url = {http://adsabs.harvard.edu/cgi-bin/nph-bib_query?bibcode=1976A%26A....53..131P&db_key=AST},
    adsnote = {Provided by the NASA Astrophysics Data System}
}

@ARTICLE{1977ApJ...217..385G,
    author = {{Groth}, E. J. and {Peebles}, P. J. E.},
    title = {Statistical analysis of catalogs of extragalactic objects. VII - Two- and three-point correlation functions for the high-resolution Shane-Wirtanen catalog of galaxies},
    journal = AJ,
    year = 1977,
    month = oct,
    volume = 217,
    pages = {385--405},
    url = {http://adsabs.harvard.edu/cgi-bin/nph-bib_query?bibcode=1977ApJ...217..385G&db_key=AST},
    adsnote = {Provided by the NASA Astrophysics Data System}
}

@ARTICLE{1988ApJ...333L...9D,
    author = {{Davis}, M.  and {Meiksin}, A.  and {Strauss}, M. A. and {Da Costa}, L. N.  and 
        {Yahil}, A. },
    title = {On the universality of the two-point galaxy correlation function},
    journal = AJL,
    year = 1988,
    month = oct,
    volume = 333,
    pages = {L9--L12},
    url = {http://adsabs.harvard.edu/cgi-bin/nph-bib_query?bibcode=1988ApJ...333L...9D&db_key=AST},
    adsnote = {Provided by the NASA Astrophysics Data System}
}


@ARTICLE{1990ApJ...353...51R,
    author = {{Ramella}, M.  and {Geller}, M. J. and {Huchra}, J. P.},
    title = {The two-point correlation function for groups of galaxies in the Center for Astrophysics redshift survey},
    journal = AJ,
    year = 1990,
    month = apr,
    volume = 353,
    pages = {51--58},
    url = {http://adsabs.harvard.edu/cgi-bin/nph-bib_query?bibcode=1990ApJ...353...51R&db_key=AST},
    adsnote = {Provided by the NASA Astrophysics Data System}
}

@ARTICLE{1991A&A...245..347B,
    author = {{Betancort-Rijo}, J.},
    title = {Sampling error of two-point correlation functions},
    journal = AA,
    year = 1991,
    month = may,
    volume = 245,
    pages = {347--352},
    url = {http://adsabs.harvard.edu/cgi-bin/nph-bib_query?bibcode=1991A%26A...245..347B&db_key=AST},
    adsnote = {Provided by the NASA Astrophysics Data System}
}

@ARTICLE{1991A&A...251..385C,
    author = {{Calzetti}, D. and {Giavalisco}, M. and {Ruffini}, R. and {Wiedenmann}, G.
        },
    title = {The two-point correlation functions applied to systems with or without a mean density},
    journal = AA,
    year = 1991,
    month = nov,
    volume = 251,
    pages = {385--388},
    url = {http://adsabs.harvard.edu/cgi-bin/nph-bib_query?bibcode=1991A%26A...251..385C&db_key=AST},
    adsnote = {Provided by the NASA Astrophysics Data System}
}

@ARTICLE{1993ApJ...411..485B,
    author = {{Buchert}, T.  and {Martinez}, V. J.},
    title = {Two-point correlation function in pancake models and the fair sample hypothesis},
    journal = AJ,
    year = 1993,
    month = jul,
    volume = 411,
    pages = {485--500},
    url = {http://adsabs.harvard.edu/cgi-bin/nph-bib_query?bibcode=1993ApJ...411..485B&db_key=AST},
    adsnote = {Provided by the NASA Astrophysics Data System}
}

@ARTICLE{1999ApJ...510...32M,
    author = {{Ma}, C. -P. },
    title = {Redshift Evolution of the Nonlinear Two-Point Correlation Function},
    journal = AJ,
    year = 1999,
    month = jan,
    volume = 510,
    pages = {32--41},
    url = {http://adsabs.harvard.edu/cgi-bin/nph-bib_query?bibcode=1999ApJ...510...32M&db_key=AST},
    adsnote = {Provided by the NASA Astrophysics Data System}
}

