@STRING {AA = "Astronomy and Astrophysics"} 
@STRING {AAS = "Astronomy and Astrophysics, Suppl. Ser."}
@STRING{EA = "Experimental Astronomy"}
@STRING{VA = "Vistas in Astronomy"}
@STRING{NA = "New Astronomy"}
@STRING{JOSAA = "Journal of the  Optical Society of  America A"}
@STRING{PASP = "Publications of the Astronomical Society of the Pacific"}
@STRING{STECF = "ST-ECF Newsletter"}
@STRING {AJ = "Astrophysical Journal"}
@STRING {AJ = "Astrophysical Journal"}
@STRING {AJL = "Astrophysical Journal Letter"}
@STRING {AJS = "Astrophysical Journal Supplement Series"}
@STRING {MNRAS = "MNRAS"}

@ARTICLE{cluster:abraham94,
    author = {{Abraham}, R. G. and {Valdes}, F.  and {Yee}, H. K. C. and {van Den Bergh}, S. 
        },
    title = {The morphologies of distant galaxies. 1: an automated classification system},
    journal = AJ,
    year = 1994,
    month = sep,
    volume = 432,
    pages = {75--90},
    url = {http://cdsads.u-strasbg.fr/cgi-bin/nph-bib_query?bibcode=1994ApJ...432...75A&db_key=AST},
    adsnote = {Provided by the NASA Astrophysics Data System}
}


@ARTICLE{cluster:butchins82,
    author = {{Butchins}, S. A.},
    title = {Automatic image classification},
    journal = AA,
    year = 1982,
    month = may,
    volume = 109,
    pages = {360--365},
    url = {http://cdsads.u-strasbg.fr/cgi-bin/nph-bib_query?bibcode=1982A%26A...109..360B&db_key=AST},
    adsnote = {Provided by the NASA Astrophysics Data System}
}

@ARTICLE{cluster:doi93,
    author = {{Doi}, M. and {Fukugita}, M. and {Okamura}, S.},
    title = {Morphological Classification of Galaxies Using Simple Photometric Parameters},
    journal = MNRAS,
    year = 1993,
    month = oct,
    volume = 264,
    pages = {832+},
    url = {http://cdsads.u-strasbg.fr/cgi-bin/nph-bib_query?bibcode=1993MNRAS.264..832D&db_key=AST},
    adsnote = {Provided by the NASA Astrophysics Data System}
}


@ARTICLE{cluster:kent85,
    author = {{Kent}, S. M.},
    title = {CCD surface photometry of field Galaxies. II - Bulge/disk decompositions},
    journal = AJS,
    year = 1985,
    month = oct,
    volume = 59,
    pages = {115--159},
    url = {http://cdsads.u-strasbg.fr/cgi-bin/nph-bib_query?bibcode=1985ApJS...59..115K&db_key=AST},
    adsnote = {Provided by the NASA Astrophysics Data System}
}

@ARTICLE{cluster:lefevre86,
    author = {{Le Fevre}, O. and {Bijaoui}, A. and {Mathez}, G. and {Picat}, J. P. and 
        {Lelievre}, G.},
    title = {Electronographic BV photometry of three distance clusters of galaxies. II - The catalogue},
    journal = AAS,
    year = 1986,
    month = feb,
    volume = 63,
    pages = {297--303},
    url = {http://cdsads.u-strasbg.fr/cgi-bin/nph-bib_query?bibcode=1986A%26AS...63..297L&db_key=AST},
    adsnote = {Provided by the NASA Astrophysics Data System}
}


@ARTICLE{cluster:okamura84,
    author = {{Okamura}, S. and {Kodaira}, K. and {Watanabe}, M.},
    title = {Digital surface photometry of galaxies toward a quantitative classification. III - A mean concentration index as a parameter representing the luminosity distribution},
    journal = AJ,
    year = 1984,
    month = may,
    volume = 280,
    pages = {7--14},
    url = {http://cdsads.u-strasbg.fr/cgi-bin/nph-bib_query?bibcode=1984ApJ...280....7O&db_key=AST},
    adsnote = {Provided by the NASA Astrophysics Data System}
}

 @ARTICLE{cluster:petrosian76,
    author = {{Petrosian}, V.},
    title = {Surface brightness and evolution of galaxies},
    journal = AJL,
    year = 1976,
    month = oct,
    volume = 209,
    pages = {L1--L5},
    url = {http://cdsads.u-strasbg.fr/cgi-bin/nph-bib_query?bibcode=1976ApJ...209L...1P&db_key=AST},
    adsnote = {Provided by the NASA Astrophysics Data System}
}

@ARTICLE{cluster:sandage90,
    author = {{Sandage}, A.  and {Perelmuter}, J. -M. },
    title = {The surface brightness test for the expansion of the universe. I - Properties of Petrosian metric diameters},
    journal = AJ,
    year = 1990,
    month = feb,
    volume = 350,
    pages = {481--491},
    url = {http://cdsads.u-strasbg.fr/cgi-bin/nph-bib_query?bibcode=1990ApJ...350..481S&db_key=AST},
    adsnote = {Provided by the NASA Astrophysics Data System}
}

@ARTICLE{cluster:stobie86,
    author = {R.S. Stobie},
    journal = {Pattern Recognition Letters},
    year = 1986,
    volume = 4,
    pages = {317},
}

@ARTICLE{cluster:storrie92,
    author = {{Storrie-Lombardi}, M. C. and {Lahav}, O. and {Sodre}, L. , Jr. and 
        {Storrie-Lombardi}, L. J.},
    title = {Morphological Classification of Galaxies by Artificial Neural Networks},
    journal = MNRAS,
    year = 1992,
    month = nov,
    volume = 259,
    pages = {8P+},
    url = {http://cdsads.u-strasbg.fr/cgi-bin/nph-bib_query?bibcode=1992MNRAS.259P...8S&db_key=AST},
    adsnote = {Provided by the NASA Astrophysics Data System}
}

@misc{cluster:bershady00,
   author =   {M.A. Bershady and A. Jangren and C.J. Conselice}, 
   howpublished = {astro-ph/0002262},
   year =       {2000}
}


@TECHREPORT{chandra:detect,
AUTHOR     = {A. Dobrzycki and  H. Ebeling and  K. Glotfelty and P. Freeman and F. Damiani
and  M. Elvis and T. Calderwood},
INSTITUTION = {Chandra X-Ray Center, Smithsonian Astrophysical},
TITLE      = {CHANDRA {\em detect} 1.1 User Guide},
YEAR        = {1999}
}





