@STRING {AA = "Astronomy and Astrophysics"} 
@STRING {AAS = "Astronomy and Astrophysics, Suppl. Ser."}
@STRING{EA = "Experimental Astronomy"}
@STRING{VA = "Vistas in Astronomy"}
@STRING{NA = "New Astronomy"}
@STRING{JOSAA = "Journal of the  Optical Society of  America A"}
@STRING{PASP = "Publications of the Astronomical Society of the Pacific"}
@STRING{STECF = "ST-ECF Newsletter"}
@STRING {AJ = "Astrophysical Journal"}

@STRING{CVGIP = "Computer Vision, Graphics and Image Processing"}
@STRING {TC = "IEEE Transactions on Computers"} 
@STRING{ASSP = "IEEE Transactions on Acoustics, Speech and Signal Processing"}
@STRING{CAS = "IEEE Transactions on Circuits and Systems"}
@STRING{COM = "IEEE Transactions on Communications"}
@STRING{GRS = "IEEE Transactions on Geoscience and Remote Sensing"}
@STRING{ICASSP = "Proc. IEEE Int. Conf. Acoust. Speech., Signal Processing"}
@STRING{IT = "IEEE Transactions on Information Theory"}
@STRING{ITSP = "IEEE Transactions on Signal Processing"}
@STRING{ITIP = "IEEE Transactions on Image Processing"}
@STRING{JFr = "J. Franklin Institute"}
@STRING{JOSA = "J. Opt. Soc. Amer."}
@STRING{MJ = "Mathematical Geology."}
@STRING{PAIAA = "Proc Amer Inst Aeronautics And Astronautics 8th Annual 
Meeting"}
@STRING{PAMI = "IEEE Transactions on Pattern Analysis and Machine Intelligence"}
@STRING{PERS = "Photogrammetric Engineering and Remote Sensing"}
@STRING{IJRS = "International Journal of Remote Sensing"}
@STRING{IBM = "IBM J. Res. \& Develop."}
@STRING{SP = "Signal Processing"}
@STRING{ARAA = "Annual Review of Astronomy and Astrophysics"}
@STRING {JASA = "Journal of the American Statistical Association"}
@string {IEEETSP = "IEEE Transactions on Signal Processing"}
@string {IEEETCSVT = "IEEE Trans. on Circ. and Syst. for Video Tech."}

@ARTICLE{cur:westenberg00,
AUTHOR     = {M.A. Westengerb and J.B.T.M. Roerdink},
JOURNAL    = ITIP,
TITLE      = {Frequency Domain Volum Rendering by the Wavelet {X}-ray transform},
VOLUME     = {9},
NUMBER     = {7},
PAGES      = {1249--1261},
YEAR       = {2000}
}

@TECHREPORT{cur:zuidwijk97,
AUTHOR     = {R.A. Zuidwijk},
INSTITUTION = {Centre Math. Computer Sci.},
ADRESS     = {The Netherlands},
TITLE      = {The wavelet {X}-ray transform},
NUMBER      = {PNA-R9703, ISSN 1386-3711},
YEAR       = {1997}
}

@TECHREPORT{cur:zuidwijk99,
AUTHOR     = {R.A. Zuidwijk and Paul M. de Zeeuw },
INSTITUTION = {Centre Math. Computer Sci.},
ADRESS     = {The Netherlands},
TITLE      = {The fast wavelet {X}-ray transform},
NUMBER      = {PNA-R9908, ISSN 1386-3711},
YEAR       = {1999}
} 

@INPROCEEDINGS{cur:candes00,
AUTHOR     = {E. Cand\`es and D. Donoho},
TITLE      = {Curvelets, multiresolution representation, and scaling laws},
BOOKTITLE  = {SPIE conference on Signal and Image Processing: Wavelet Applications 
in Signal and Image Processing VIII, San Diego, 30 july to 4 august},
YEAR       = {2000}
}

@MISC{cur:donoho00,
  AUTHOR       = {D. Donoho},
  HOWPUBLISHED = {in preparation},
  YEAR         = {2000}
}



@PHDTHESIS{cur:huo99,
  AUTHOR       = {Xiaoming Huo},
  MONTH        = {August},
  SCHOOL       = {Stanford Univesity},
  TITLE        = {Sparse Image Representation via Combined Transforms},
  YEAR         = {1999}
}

@ARTICLE{cur:olson94,
AUTHOR     = {T. Olson and J. {DeStefano}},
JOURNAL    = IEEETSP,
TITLE      = {Wavelet Localization of the {R}adon Transform},
VOLUME     = {42},
NUMBER     = {8},
PAGES      = {2055--2067},
YEAR       = {1994}
}

@INPROCEEDINGS{cur:sahiner98,
TITLE      = {Iterative inversion of the Radon transform using image-adaptive
              wavelet constraints},
AUTHOR     = {B. Sahiner and A.E. Yagle},
BOOKTITLE  = {Image Processing, 1998. ICIP 98. Proceedings.},
VOLUME = {2},
PAGES      = {709--713},
YEAR       = {1998}
}

@INPROCEEDINGS{cur:sahiner97,
TITLE      = { Iterative inversion of the Radon transform using image-adaptive
                         wavelet constraints},
AUTHOR     = {B. Sahiner and A.E. Yagle},
BOOKTITLE  = {Engineering in Medicine and Biology Society, 1996.
              Bridging Disciplines for Biomedicine., 18th Annual
             International Conference of the IEEE},
VOLUME = {2},
PAGES      = {722--723},
YEAR       = {1997}
}

@INPROCEEDINGS{cur:sahiner92,
TITLE      = {On the use of wavelets in inverting the Radon transform},
AUTHOR     = {B. Sahiner and A.E. Yagle},
BOOKTITLE  = {Nuclear Science Symposium and Medical Imaging
              Conference, 1992., Conference Record of the 1992},
VOLUME = {2},
PAGES      = {1129--1131},
YEAR       = {1992}
}

@INPROCEEDINGS{cur:magli97,
TITLE      = {pattern detection and compression algorithm based
          on the joint wavelet and Radon transform},
AUTHOR     = {E. Magli and  L. Lo Presti and G. Olmo},
BOOKTITLE  = {Digital Signal Processing Proceedings, 1997. DSP
              97., 1997 13th International Conference},
VOLUME = {2},
PAGES      = {559--562},
YEAR       = {1997}
}

@ARTICLE{cur:magli99,
AUTHOR     = {E. Magli and G. Olmo and  L. Lo Presti},
JOURNAL    = {Signal Processing},
TITLE      = {Pattern recognition by means of the Radon transform and the
              continuous wavelet transform},
VOLUME     = {73},
NUMBER     = {3},
PAGES      = {277--289},
YEAR       = {1999}
}


@INPROCEEDINGS{cur:meir98,
TITLE      = {Stochastic approximation by neural networks using the
              Radon and wavelet transforms},
AUTHOR     = {R. Meir and V. Maiorov},
BOOKTITLE  = {Neural Networks for Signal Processing VIII, 1998.
                          Proceedings of the 1998 IEEE Signal Processing
                          Society Workshop , 1998},
EDITOR     = {M. Niranjan and E. Wilson and T. Constantinides and  S.-Y. Kung},
ADRESS     = {Dept. of Electr. Eng., Technion-Israel Inst. of Technol., Haifa, Israel},
PAGES      = {224--233},
YEAR       = {1998}
}

@INPROCEEDINGS{cur:do00,
TITLE      = {Orthonormal finite ridgelet transform for image compression},
AUTHOR     = {M. N. Do and M. Vetterli},
BOOKTITLE  = {Proc. of IEEE International Conference on Image Processing (ICIP)},
ADRESS     = {Vancouver, Canada},
MONTH      = {September},
YEAR       = {2000}
}

@INPROCEEDINGS{cur:do00b,
TITLE      = {Image denoising using the Orthonormal finite ridgelet transform},
AUTHOR     = {M. N. Do and M. Vetterli},
BOOKTITLE  = {SPIE conference on Signal and Image Processing: Wavelet Applications 
in Signal and Image Processing VIII},
ADRESS     = {San Diego, USA},
MONTH      = {August},
YEAR       = {2000}
}




@ARTICLE{cur:zhao97,
AUTHOR     = {S. Zhao and  G. Welland and G. Wang},
TITLE      = {Wavelet Sampling and Localization Schemes for the Radon Transform in Two Dimensions},
JOURNAL    =  {SIAM Journal on Applied Mathematics},
VOLUME     = {57},
NUMBER     = {6},
PAGES      = {1749--1762},
YEAR       = {1997}
}

@ARTICLE{cur:matus93,
AUTHOR     = {F. Matus and J. Flusser},
TITLE      = {Image representations via a Finite Radon Transform},
JOURNAL    =  PAMI,
VOLUME     = {15},
NUMBER     = {10},
PAGES      = {996--1006},
YEAR       = {1993}
}


@book{cur:meyer92,
   author =  	{Y. Meyer},
   title =  	{Wavelet and Operators},
   publisher =  {Cambridge University Press},
   year =  	{1992}
}



@PHDTHESIS{cur:candes98,
  AUTHOR       = {E.J. Cand\`es},
  SCHOOL       = {Stanford University},
  TITLE        = {Ridgelets: theory and applications},
  YEAR         = {1998}
}

@ARTICLE{cur:candes99_1,
AUTHOR     = {E.J. Cand\`es and D. Donoho},
TITLE      = {Ridgelets: the key to high dimensional intermittency?},
JOURNAL    =  {Phil. trans; R. Soc. Lond. A},
VOLUME     = {357},
PAGES      = {2495--2509},
YEAR       = {1999}
}

@TECHREPORT{cur:candes99_2,
AUTHOR     = {E.J. Cand\`es},
INSTITUTION = {Statistics, Stanford Univeristy},
TITLE      = {Monoscale ridgelets for the representation of images with edges},
YEAR       = {1999}
} 

@TECHREPORT{cur:candes99_3,
AUTHOR     = {E.J. Cand\`es and  D. Donoho},
INSTITUTION = {Statistics, Stanford Univeristy},
TITLE      = {Curvelets},
YEAR       = {1999}
} 

@ARTICLE{cur:candes99_4,
   AUTHOR  = {Cand\`es, E. J.},
   TITLE   = {{Harmonic analysis of neural netwoks}},
   YEAR    = {1999},
   JOURNAL = {Applied and Computational 
              Harmonic Analysis},
   VOLUME = {6},
   PAGES  = {197--218}
}

@InProceedings{cur:donoho99,
  author = {D.L. Donoho and M.R. Duncan},
  title =  {Digital curvelet transform: strategy, implementation and experiments},
  booktitle = {Proc. Aerosense 2000, Wavelet Applications VII},
  editor = {H.H. Szu and M. Vetterli and  W. Campbell and J.R. Buss},
  volume = {4056},
  pages = {12-29},
  publisher =    {SPIE}, 
  address = {Bellingham Washington},
  year = {2000}
}





