
@book {frac:falconer90,
 author  = {K. Falconer},
 title   = {Fractal Geometry: Mathematical Foundations and Applications},
 publisher = {Wiley},
 address = {Chichester},
 year    = {1990},
 }

@book {frac:mandel83,
 author  = {B. Mandelbrot},
 title   = {The Fractal Geometry of Nature},
 publisher = {Freeman},
 address = {New York},
 year    = {1983},
}

@article {frac:paladin86,
 author  = {G. Paladin and A. Vulpiani},
 journal = {Phys. Rep.},
 volume  = {156},
 pages = {147},
 year = {1993},
}

@book {frac:arneodo90,
  author = {A. Arneodo and F. Argoul and E. Bacry and J. Elezgaray  and  J. F. Muzy},
  title = {Ondelettes, Multifractales et Turbulences},
  publisher = {Diderot, Arts et Sciences}, 
  address = {Paris}, 
  year = {1995},
}

