 @STRING {AA = "Astronomy and Astrophysics."} 
@STRING{CVGIP = "CVGIP: Graphical Models and Image Processing."}
@STRING{EA = "Experimental Astronomy."}
@STRING{ITIP = "IEEE Transactions on Image Processing"}
@STRING{JOSA = "J. Opt. Soc. Amer."}
@STRING{JOSAA = "Journal of the  Optical Society of  America A"}




@ARTICLE{ima:breen00,
AUTHOR     = {E.J. Breen and R.J. Jones and H. Talbot},
JOURNAL    = {Statistics and Computing journal},
TITLE      = {Mathematical Morphology: A useful set of tools for image analysis},
VOLUME     = {10},
PAGES      = {105-120},
YEAR       = {2000}
}

@ARTICLE{ima:hunt99,
AUTHOR     = {J.J. Green and B.R. Hunt},
TITLE      = {Improved restoration of space object imagery},
JOURNAL    =  JOSAA,
VOLUME     = {16},
NUMBER     = {12},
PAGES      = {2858--2865},
YEAR       = {1999}
}

@ARTICLE{ima:unser95,
AUTHOR     = {M. Unser and P. Th\'evenaz and L. Yaroslavsky},
TITLE      = {Convolution-Based Interpolation for Fast, 
              High Quality Rotation of Images},
JOURNAL    =  ITIP,
VOLUME     = {4},
NUMBER     = {10},
PAGES      = {1371--1381},
YEAR       = {1995}
}

@ARTICLE{ima:danielsson92,
AUTHOR     = {P.E. Danielsson and M. Hammerin},
TITLE      = { High accuracy rotation of images},
JOURNAL    =  CVGIP,
VOLUME     = {45},
PAGES      = {340--344},
YEAR       = {1992}
}

@ARTICLE{ima:olsen93,
AUTHOR     = {S.I. Olsen},
TITLE      = {Estimation of Noise in Images: An Evaluation},
JOURNAL    = {CVGIP},
VOLUME     = {55},
PAGES      = {319--323},
YEAR       = {1993}
}

@BOOK{ima:soille99,
AUTHOR     = {P. Soille},
PUBLISHER  = {Springer-Verlag},
TITLE      = {Morphological Data Analysis},
ADDRESS    = {Berlin Heidelberg New-York},
YEAR       = {1999}
}
@BOOK{ima:picard66,
AUTHOR     = {E. Issacson and H. Keller},
PUBLISHER  = {Wiley},
TITLE      = {Analysis of Numerical Methods},
ADDRESS    = {New-York},
YEAR       = {1966}
}

@BOOK{ima:bertero98,
AUTHOR     = {M. Bertero and P. Boccacci},
PUBLISHER  = {Institute of Physics Publishing},
TITLE      = {Introduction to Inverse Problems in Imaging},
ADDRESS    = {Bristol and Philadelphia},
YEAR       = {1998}
}

@BOOK{ima:frieden98,
AUTHOR     = {B.R. Frieden},
PUBLISHER  = {Cambridge University Press},
TITLE      = {Physics from Fisher Information},
YEAR       = {1998}
}

@BOOK{ima:liang00,
AUTHOR     = {Z.-P. liang and P.C. Lauterbur},
PUBLISHER  = {SPIE Optical Engineering Press},
TITLE      = {Principles of Magnetic Resonance Imaging},
YEAR       = {2000}
}

@BOOK{ima:aczel75,
AUTHOR     = {Aczel and Daroczy},
PUBLISHER  = {Academic Press},
TITLE      = {On Measures of Information and their Characterizations},
YEAR       = {1978}
}

@BOOK{ima:pratt78,
AUTHOR     = {W.K. Pratt},
PUBLISHER  = {Wiley},
TITLE      = {Digital Image Processing},
YEAR       = {1978}
}

@BOOK{ima:pratt91,
AUTHOR     = {W.K. Pratt},
EDITION    = {A Wiley-Interscience Publication},
PUBLISHER  = {John Wiley \& Sons},
TITLE      = {Digital Image Processing},
YEAR       = {1991}
}

@BOOK{ima:mallat98,
AUTHOR     = {S. Mallat},
PUBLISHER  = {Academic Press},
TITLE      = {A Wavelet Tour of Signal Processing},
YEAR       = {1998}
}

@BOOK{ima:katsa93,
AUTHOR     = {A.K. Katsaggelos},
PUBLISHER  = {Springer-Verlag},
TITLE      = {Digital Image Processing},
YEAR       = {1993}
}

@BOOK{ima:gonzalez93,
AUTHOR     = {R. C. Gonzalez},
PUBLISHER  = {Addison-Wesley},
TITLE      = {Digital Image Processing},
YEAR       = {1993}
}

@BOOK{ima:jain89,
AUTHOR     = {A. K. Jain},
TITLE      = {Fundamentals of Digital Image Processing},
PUBLISHER  = {Prentice Hall},
YEAR       = {1990}
}

@BOOK{ima:bijaoui84,
AUTHOR     = {A. Bijaoui},
TITLE      = {Introduction au Traitement Num\'erique des Images},
PUBLISHER  = {Masson},
ADDRESS    = {Paris},
YEAR       = {1984}
}

@BOOK{ima:matheron67,
AUTHOR     = {G. Matheron},
TITLE      = {Elements pour une th\'eorie des milieux poreux},
PUBLISHER  = {Masson},
ADDRESS    = {Paris},
YEAR       = {1967}
}

@BOOK{ima:matheron75,
AUTHOR     = {G. Matheron},
TITLE      = {Random Sets and Integral Geometry},
PUBLISHER  = {Willey},
ADDRESS    = {New York},
YEAR       = {1975}
}

@INPROCEEDINGS{ima:gesu93,
AUTHOR     = {V. Di G\`esu and M.C. Maccarone and M. Tripiciano},
TITLE      = {Mathematical Morphology based on Fuzzy Operators},
BOOKTITLE  = {Fuzzy Logic:State of the Art},
PUBLISHER  = {Kluwer Academic Press},
YEAR       = {1993}
}
@INPROCEEDINGS{ima:gesu82,
AUTHOR     = {V. Di G\`esu and M.C. Maccarone},
TITLE      = {A direct deconvolution method fow two dimensional image analysis},
BOOKTITLE  = {Proceeding of the Symposium {COMPSTAT 1982}},
PUBLISHER  = {Physica Verlag},
YEAR       = {1982}
}

@ARTICLE{ima:gesu84,
AUTHOR     = {V. Di G\`esu and M.C. Maccarone},
TITLE      = {The Bayesian Direct Deconvolution Method: Properties and Applications},
JOURNAL    = {Signal Processing},
VOLUME     = {6},
PAGES      = {201--211},
YEAR       = {1984}
}

@BOOK{ima:serra82,
AUTHOR     = {J. Serra},
TITLE      = {Image Analysis and Mathematical Morphology},
PUBLISHER  = {Academic Press},
ADDRESS    = {London},
YEAR       = {1982}
}

@ARTICLE{ima:bijaoui79,
AUTHOR     = {A. Bijaoui and V. Doazan},
TITLE      = {Analysis of Rapid Variations in the Spectra of $\alpha${C}ol by Cross Correlation},
JOURNAL    = AA,
VOLUME     = {70},
PAGES      = {285--291},
YEAR       = {1984}
}

@ARTICLE{ima:bijaoui95,
AUTHOR     = {A. Bijaoui and F. Ru\'e},
TITLE      = {A Multiscale Vision Model adapted to  Astronomical Images},
JOURNAL    = {Signal Processing},
VOLUME     = {46},
PAGES      = {229--243},
YEAR       = {1995}
}

@BOOK{ima:MIDAS,
AUTHOR     = {ESO},
TITLE      = {MIDAS, Munich Image Data Analysis System},
PUBLISHER  = {European Southern Observatory},
YEAR       = {1995}
}

@BOOK{ima:Richter,
EDITOR     = {G. Richter},
TITLE      = {IAU Commission 9 Working Group on Sky Surveys Newsletter},
PUBLISHER  = {AIP Potsdam},
YEAR       = {1998}
}

@ARTICLE{ima:rue97,
AUTHOR     = {F. Ru\'e and A. Bijaoui},
TITLE      = {A Multiscale Vision Model to Analyse Field Astronomical Images},
JOURNAL    = {Experimental Astronomy},
VOLUME     = {7},
NUMBER     = {3},
PAGES      = {129--160},
YEAR       = {1997}
}


@ARTICLE{ima:shannon48,
  AUTHOR       = {C.E. Shannon},
  TITLE        = {A Mathematical Theory for Communication},
  JOURNAL      = {Bell System Tech J. },
    VOLUME     = {27},
    PAGES      = {379--423},
  YEAR         = {1948}
}

@MISC{ima:karhunen47,
  AUTHOR       = {K. Karhunen},
  HOWPUBLISHED = {English translation by I. Selin, 
   ``On Linear Methods in Probability Theory'', 
    The Rand Corporation, Doc. T-131, August 11, 1960},
  YEAR         = {1947}
}

@MISC{ima:loeve48,
  AUTHOR       = {M. Lo\`eve},
  HOWPUBLISHED = {Fonctions Al\'eatoires de Second Ordre, in P. Levy, 
             Processus Stochastiques et Mouvement Bownien, Hermann, Paris},
    YEAR         = {1948}
}

@ARTICLE{ima:hotelling33,
  AUTHOR       = {H. Hotelling},
  TITLE        = {Analysis  of a complex of Statistical Variables into Principal Components},
  JOURNAL      = {J. Educ. Psychol. },
  VOLUME     = {24},
  PAGES      = {417--441, 498--520},
  YEAR         = {1933}
}


