@STRING {AA = "Astronomy and Astrophysics"} 
@STRING {AAS = "Astronomy and Astrophysics, Suppl. Ser."}
@STRING{EA = "Experimental Astronomy"}
@STRING{VA = "Vistas in Astronomy"}
@STRING{NA = "New Astronomy"}
@STRING{JOSAA = "Journal of the  Optical Society of  America A"}
@STRING{PASP = "Publications of the Astronomical Society of the Pacific"}
@STRING{STECF = "ST-ECF Newsletter"}
@STRING {AJ = "Astrophysical Journal"}

@STRING{CVGIP = "Computer Vision, Graphics and Image Processing"}
@STRING {TC = "IEEE Transactions on Computers."} 
@STRING{ASSP = "IEEE Transactions on Acoustics, Speech and Signal Processing"}
@STRING{CAS = "IEEE Transactions on Circuits and Systems"}
@STRING{COM = "IEEE Transactions on Communications"}
@STRING{GRS = "IEEE Transactions on Geoscience and Remote Sensing"}
@STRING{ICASSP = "Proc. IEEE Int. Conf. Acoust. Speech., Signal Processing"}
@STRING{IT = "IEEE Transactions on Information Theory"}
@STRING{ITSP = "IEEE Transactions on Signal Processing"}
@STRING{ITIP = "IEEE Transactions on Image Processing"}
@STRING{ISPM = "IEEE Signal Processing Magazine"}

@STRING{JFr = "J. Franklin Institute"}
@STRING{JOSA = "J. Opt. Soc. Amer."}
@STRING{MJ = "Mathematical Geology"}
@STRING{PAIAA = "Proc Amer Inst Aeronautics And Astronautics 8th Annual 
Meeting"}
@STRING{PAMI = "IEEE Transactions on Pattern Analysis and Machine Intelligence"}
@STRING{PERS = "Photogrammetric Engineering and Remote Sensing"}
@STRING{IJRS = "International Journal of Remote Sensing"}
@STRING{IBM = "IBM J. Res. \& Develop."}
@STRING{SP = "Signal Processing"}
@STRING{ARAA = "Annual Review of Astronomy and Astrophysics"}
@STRING {JASA = "Journal of the American Statistical Association"}
@string {IEEETSP = "IEEE Transactions on Signal Processing"}
@string {IEEETCSVT = "IEEE Trans. on Circ. and Syst. for Video Tech."}
@STRING {MNRAS = "Monthly Notices of the Royal Astronomical Society"}


@ARTICLE{mc:molina97,
    author = {{Molina}, R. and {Mateos}, J.},
    title = {Multichannel image restoration in astronomy},
    journal = VA,
    year = 1997,
    volume = 41,
    pages = {373--378},
    url = {http://cdsads.u-strasbg.fr/cgi-bin/nph-bib_query?bibcode=1997VA.....41..373M&db_key=AST},
    adsnote = {Provided by the NASA Astrophysics Data System}
}


@ARTICLE{mc:tretter95,
AUTHOR     = {D. Tretter and C. Bouman},
TITLE      = {Optimal transforms for multispectral and multilayer image coding},
JOURNAL    = ITIP,
VOLUME     = {4},
PAGES      = {308--396},
YEAR       = {1995}
}

@ARTICLE{mc:saghri95,
AUTHOR     = {J.A. Saghri and A.G. Tescher and J.T Reagan},
TITLE      = {Practical Transform Coding of Multispectral Imagery},
JOURNAL    = ISPM,
VOLUME     = {12},
PAGES      = {32--43},
YEAR       = {1995}
}

@ARTICLE{mc:constant97,
AUTHOR     = {K. Konstantinides and B. Natarajan and G.S. Yovanov},
TITLE      = {Noise Estimation Using Block-Based Singular Value Decomposition},
JOURNAL    = ITIP,
VOLUME     = {6},
NUMBER     = {3},
PAGES      = {479--483},
YEAR       = {1997}
}

@ARTICLE{mc:constant88,
AUTHOR     = {K. Konstantinides and K. Yao},
TITLE      = {Statistical analysis of effective singular value 
in matrix rank determination},
JOURNAL    = ASSP,
VOLUME     = {36},
NUMBER     = {5},
PAGES      = {757--763},
YEAR       = {1988}
}

@ARTICLE{mc:andrews76,
AUTHOR     = {H.C. Andrews and C.L. Patterson},
TITLE      = {Singular Value Decompositions and digital image processing},
JOURNAL    =  ASSP,
VOLUME     = {24},
PAGES      = {26--53},
YEAR       = {1976}
}

@misc{mc:lee91,
AUTHOR     = {H.C. Lee},
TITLE      = {Digital image noise noise suppression method using CVD block transform},
howpublished = {{U.S. Patent 5 010 504, Apr. 1991}},
YEAR       = {1991}
}

@InProceedings{mc:epstein92,
  title =        "Multispectral {KLT}-wavelet data compression for Landsat thematic mapper images",
  author =       "B.R. Epstein and R. Hingorani and J.M. Shapiro and M. Czigler",
  pages =        "200--208",
  booktitle =    "Data Compression Conference",
  address =      "Snowbird, UT",
  month =   mar,
  YEAR    = {1992}
}


@ARTICLE{mc:natarajan95,
AUTHOR     = {B.K. Natarajan},
TITLE      = {Filtering random noise  from deterministic signals via data compression},
JOURNAL    = ITIP,
VOLUME     = {43},
PAGES      = {2595--2605},
YEAR       = {1995}
}

@ARTICLE{mc:hunt84,
AUTHOR     = {B.R. Hunt and O. Kubler},
TITLE      = {Karhunen Lo\`eve multispectral image restoration},
JOURNAL    = ASSP,
VOLUME     = {32},
NUMBER     = {3},
PAGES      = {592--600},
YEAR       = {1984}
}

% Quadtree to find block size
% + 2D DCT per block
% + 1D K-L transform
@ARTICLE{mc:lee99,
AUTHOR     = {J. Lee},
TITLE      = {Optimized Quadtree for Karhunen-Lo\`eve Transform in Multispectral Imag Coding},
JOURNAL    = ITIP,
VOLUME     = {8},
NUMBER     = {4},
PAGES      = {453--461},
YEAR       = {1999}
}

@ARTICLE{mc:bijaoui00,
    author = {{Nuzillard}, D. and {Bijaoui}, A.},
    title = "Blind source separation and analysis of multispectral astronomical images",
    journal = AAS,
    year = 2000,
    month = nov,
    volume = 147,
    pages = {129--138},
    url = {http://cdsads.u-strasbg.fr/cgi-bin/nph-bib_query?bibcode=2000A%26AS..147..129N&db_key=AST},
    adsnote = {Provided by the NASA Astrophysics Data System}
}

@ARTICLE{mc:bacci00,
    author = {{Baccigalupi}, C. and {Bedini}, L. and {Burigana}, C. and {De Zotti}, G. and 
        {Farusi}, A. and {Maino}, D. and {Maris}, M. and {Perrotta}, F. and 
        {Salerno}, E. and {Toffolatti}, L. and {Tonazzini}, A.},
    title = "Neural networks and the separation of cosmic microwave background and astrophysical signals in sky maps",
    journal = MNRAS,
    year = 2000,
    month = nov,
    volume = 318,
    pages = {769--780},
    url = {http://cdsads.u-strasbg.fr/cgi-bin/nph-bib_query?bibcode=2000MNRAS.318..769B&db_key=AST},
    adsnote = {Provided by the NASA Astrophysics Data System}
}

@ARTICLE{mc:cardoso98,
    author = {J.F. Cardoso},
    title =  {Blind Signal Separation: Statistical Principles},
    journal = {Proceedings of the {IEEE}},
    year = 1998,
    month = oct,
    volume = 86,
    number = 10,
    pages = {2009--2025}
}

