@STRING {AJ = "Astrophysical Journal"}
@STRING {AA = "Astronomy and Astrophysics"} 
@STRING {AAS = "Astronomy and Astrophysics, Suppl. Ser."}


@ARTICLE{xwave:scargle98,
    author = {{Scargle}, J.\ D.},
    title = {"Studies in Astronomical Time Series Analysis. V. Bayesian Blocks, a New Method to Analyze Structure in Photon Counting Data"},
    journal = AJ,
    year = 1998,
    month = sep,
    volume = 504,
    pages = {405+},
    url = {http://cdsads.u-strasbg.fr/cgi-bin/nph-bib_query?bibcode=1998ApJ...504..405S&db_key=AST},
    adsnote = {Provided by the NASA Astrophysics Data System}
}

@INPROCEEDINGS{xwave:jammal99,
TITLE      = {Multiscale image restoration for photon imaging systems},
AUTHOR     = {G. Jammal and A. Bijaoui},
BOOKTITLE  = {SPIE conference on Signal and Image Processing: Wavelet Applications 
in Signal and Image Processing VII},
ADRESS =    {Denvers},
YEAR       = {1999}
}

@ARTICLE{xwave:kola00,
    author = {{Kolaczyk}, E.\ D. and {Dixon}, D.\ D.},
    title = {"Nonparametric Estimation of Intensity Maps Using Haar Wavelets and Poisson Noise Characteristics"},
    journal = AJ,
    year = 2000,
    month = may,
    volume = 534,
    pages = {490--505},
    url = {http://cdsads.u-strasbg.fr/cgi-bin/nph-bib_query?bibcode=2000ApJ...534..490K&db_key=AST},
    adsnote = {Provided by the NASA Astrophysics Data System}
}


@ARTICLE{xwave:vikhlinin97,
    author = {{Vikhlinin}, A. and {Forman}, W. and {Jones}, C.},
    title = {Another Collision for the Coma Cluster},
    journal = AJ,
    year = 1997,
    month = jan,
    volume = 474,
    pages = {L7-+},
    url = {http://cdsads.u-strasbg.fr/cgi-bin/nph-bib_query?bibcode=1997ApJ...474L...7V&db_key=AST},
    adsnote = {Provided by the NASA Astrophysics Data System}
}

@ARTICLE{xwave:damiani97a,
    author = {{Damiani}, F. and {Maggio}, A. and {Micela}, G. and {Sciortino}, S.
        },
    title = {A Method Based on Wavelet Transforms for Source Detection in Photon-counting Detector Images. I. Theory and General Properties},
    journal = AJ,
    year = 1997,
    month = jul,
    volume = 483,
    pages = {350+},
    url = {http://cdsads.u-strasbg.fr/cgi-bin/nph-bib_query?bibcode=1997ApJ...483..350D&db_key=AST},
    adsnote = {Provided by the NASA Astrophysics Data System}
}


@ARTICLE{xwave:damiani97b,
    author = {{Damiani}, F. and {Maggio}, A. and {Micela}, G. and {Sciortino}, S.
        },
    title = {A Method Based on Wavelet Transforms for Source Detection in Photon-counting Detector Images. II. Application to ROSAT PSPC Images},
    journal =  AJ,
    year = 1997,
    month = jul,
    volume = 483,
    pages = {370+},
    url = {http://cdsads.u-strasbg.fr/cgi-bin/nph-bib_query?bibcode=1997ApJ...483..370D&db_key=AST},
    adsnote = {Provided by the NASA Astrophysics Data System}
}

@ARTICLE{xwave:damiani98,
    author = {{Damiani}, F. and {Sciortino}, S. and {Micela}, G.},
    title = {Problems and solutions in deriving the logN--logS of sources detected in PSPC images with a wavelet-transform algorithm},
    journal = {Astronomische Nachrichten},
    year = 1998,
    volume = 319,
    pages = {78+},
    url = {http://cdsads.u-strasbg.fr/cgi-bin/nph-bib_query?bibcode=1998AN....319...78D&db_key=AST},
    adsnote = {Provided by the NASA Astrophysics Data System}
}


@ARTICLE{xwave:grebenev95,
    author = {{Grebenev}, S. A. and {Forman}, W. and {Jones}, C. and {Murray}, S.
        },
    title = {Wavelet transform analysis of the small-scale X-ray structure of the cluster Abell 1367},
    journal = AJ,
    year = 1995,
    month = jun,
    volume = 445,
    pages = {607--623},
    url = {http://cdsads.u-strasbg.fr/cgi-bin/nph-bib_query?bibcode=1995ApJ...445..607G&db_key=AST},
    adsnote = {Provided by the NASA Astrophysics Data System}
}


@ARTICLE{xwave:escalera92a,
    author = {{Escalera}, E.  and {Mazure}, A. },
    title = {Wavelet analysis of subclustering - An illustration, Abell 754},
    journal = AJ,
    year = 1992,
    month = mar,
    volume = 388,
    pages = {23--32},
    url = {http://cdsads.u-strasbg.fr/cgi-bin/nph-bib_query?bibcode=1992ApJ...388...23E&db_key=AST},
    adsnote = {Provided by the NASA Astrophysics Data System}
}
@ARTICLE{xwave:freeman96,
    author = {{Freeman}, P. E. and {Kashyap}, V. and {Rosner}, R. and {Nichol}, R. and 
        {Holden}, B. and {Lamb}, D. Q.},
    title = {X-Ray Source Detection Using the Wavelet Transform},
    journal = {ASP Conf. Ser. 101: Astronomical Data Analysis Software and Systems V},
    year = 1996,
    volume = 5,
    pages = {163+},
    url = {http://cdsads.u-strasbg.fr/cgi-bin/nph-bib_query?bibcode=1996adass...5..163F&db_key=AST},
    adsnote = {Provided by the NASA Astrophysics Data System}
}
@ARTICLE{xwave:escalera92b,
    author = {{Escalera}, E. and {Slezak}, E. and {Mazure}, A.},
    title = {New evidence for subclustering in the Coma cluster using the wavelet analysis},
    journal = AA,
    year = 1992,
    month = oct,
    volume = 264,
    pages = {379--384},
    url = {http://cdsads.u-strasbg.fr/cgi-bin/nph-bib_query?bibcode=1992A%26A...264..379E&db_key=AST},
    adsnote = {Provided by the NASA Astrophysics Data System}
}


@ARTICLE{xwave:kola97,
    author = {{Kolaczyk}, E. D.},
    title = {Nonparametric Estimation of Gamma-Ray Burst Intensities Using Haar Wavelets},
    journal = AJ,
    year = 1997,
    month = jul,
    volume = 483,
    pages = {340+},
    url = {http://cdsads.u-strasbg.fr/cgi-bin/nph-bib_query?bibcode=1997ApJ...483..340K&db_key=AST},
    adsnote = {Provided by the NASA Astrophysics Data System}
}


@ARTICLE{xwave:kola98,
    author = {{Dixon}, D. D. and {Hartmann}, D. H. and {Kolaczyk}, E. D. and 
        {Samimi}, J. and {Diehl}, R. and {Kanbach}, G. and {Mayer-Hasselwander}, H. and 
        {Strong}, A. W.},
    title = {Evidence for a Galactic gamma-ray halo},
    journal = {New Astronomy},
    year = 1998,
    month = oct,
    volume = 3,
    pages = {539--561},
    url = {http://cdsads.u-strasbg.fr/cgi-bin/nph-bib_query?bibcode=1998NewA....3..539D&db_key=AST},
    adsnote = {Provided by the NASA Astrophysics Data System}
}
