@STRING {AJ = "Astrophysical Journal"}
@STRING {AJL = "Astrophysical Journal Letter"}
@STRING {AA = "Astronomy and Astrophysics"} 
@STRING {AAS = "Astronomy and Astrophysics, Supplement Series"}
@STRING{MNRAS = "Monthly Notices of the Royal Astronomical Society"}
@STRING {SPJ = "Solar Physical Journal"}

@ARTICLE{aw:krywult99,
    author = {{Krywult}, J. and {MacGillivray}, H.\ T. and {Flin}, P.},
    title = "Investigation of subclustering in 18 rich clusters of galaxies using wavelet analysis",
    journal = AA,
    year = 1999,
    month = nov,
    volume = 351,
    pages = {883--892},
    url = {http://cdsads.u-strasbg.fr/cgi-bin/nph-bib_query?bibcode=1999A%26A...351..883K&db_key=AST},
    adsnote = {Provided by the NASA Astrophysics Data System}
}



@ARTICLE{aw:pagliaro99,
    author = {{Pagliaro}, A. and {Antonuccio-Delogu}, V. and {Becciani}, U. and 
        {Gambera}, M.},
    title = "Substructure recovery by three-dimensional discrete wavelet transforms",
    journal = MNRAS,
    year = 1999,
    month = dec,
    volume = 310,
    pages = {835--841},
    url = {http://cdsads.u-strasbg.fr/cgi-bin/nph-bib_query?bibcode=1999MNRAS.310..835P&db_key=AST},
    adsnote = {Provided by the NASA Astrophysics Data System}
}



@ARTICLE{aw:arnaud00,
    author = {{Arnaud}, M. and {Maurogordato}, S. and {Slezak}, E. and {Rho}, J.
        },
    title = "A521: A cluster forming at the crossing of two filaments?",
    journal = AA,
    year = 2000,
    month = mar,
    volume = 355,
    pages = {461--478},
    url = {http://cdsads.u-strasbg.fr/cgi-bin/nph-bib_query?bibcode=2000A%26A...355..461A&db_key=AST},
    adsnote = {Provided by the NASA Astrophysics Data System}
}



@ARTICLE{aw:walker00,
    author = {{Walker}, K.\ C. and {Schaefer}, B.\ E. and {Fenimore}, E.\ E.
        },
    title = "Gamma-Ray Bursts Have Millisecond Variability",
    journal = AJ,
    year = 2000,
    month = jul,
    volume = 537,
    pages = {264--269},
    url = {http://cdsads.u-strasbg.fr/cgi-bin/nph-bib_query?bibcode=2000ApJ...537..264W&db_key=AST},
    adsnote = {Provided by the NASA Astrophysics Data System}
}
@ARTICLE{aw:sello01,
    author = {{Sello}, S.},
    title = "Wavelet entropy as a measure of solar cycle complexity",
    journal = AA,
    year = 2000,
    month = nov,
    volume = 363,
    pages = {311--315},
    url = {http://cdsads.u-strasbg.fr/cgi-bin/nph-bib_query?bibcode=2000A%26A...363..311S&db_key=AST},
    adsnote = {Provided by the NASA Astrophysics Data System}
}

@ARTICLE{aw:bouchet01,
    author = {{Aghanim}, N. and {Forni}, O. and {Bouchet}, F.\ R.},
    title = "Using the {COBE/DMR} 
     data as a test-bed for normality assessments",
    journal = AA,
    year = 2001,
    month = jan,
    volume = 365,
    pages = {341--346},
    url = {http://cdsads.u-strasbg.fr/cgi-bin/nph-bib_query?bibcode=2001A%26A...365..341A&db_key=AST},
    adsnote = {Provided by the NASA Astrophysics Data System}
}



@ARTICLE{aw:jaffe97,
    author = {{Jaffe}, T.R. and {Bhattacharya}, D. and {Dixon}, D.D. and 
        {Zych}, A.D.},
    title = {Evidence for Extended High Energy Gamma-Ray Emission from the 
{R}osette/{M}onoceros {R}egion},
    journal = AJL,
    year = 1997,
    month = aug,
    volume = 484,
    pages = {L129},
    url = {http://cdsads.u-strasbg.fr/cgi-bin/nph-bib_query?bibcode=1997ApJ...484L.129J&db_key=AST},
    adsnote = {Provided by the NASA Astrophysics Data System}
}



@INPROCEEDINGS{aw:scargle97,
    author = {{Scargle}, J.D.},
    title = {Astronomical Time Series Analysis: New Methods for Studying Periodic and Aperiodic Systems},
    booktitle = {Astronomical Time Series},
    year = 1997,
    editors = {D. Maoz and A. Sternberg and E.M. Leibowitz},
    pages = {1},
}



@ARTICLE{aw:norris94,
    author = {{Norris}, J.P. and {Nemiroff}, R.J. and {Scargle}, J.D. and 
        {Kouveliotou}, C. and {Fishman}, G. J. and {Meegan}, C. A. and 
        {Paciesas}, W. S. and {Bonnel}, J. T.},
    title = {Detection of signature consistent with cosmological time dilation in gamma-ray bursts},
    journal = AJ,
    year = 1994,
    month = apr,
    volume = 424,
    pages = {540--545},
    url = {http://cdsads.u-strasbg.fr/cgi-bin/nph-bib_query?bibcode=1994ApJ...424..540N&db_key=AST},
    adsnote = {Provided by the NASA Astrophysics Data System}
}


@ARTICLE{aw:greene97,
    author = {{Greene}, J.E. and {Norris}, J.P. and {Bonnell}, J.T.},
    title = {Wavelet Analysis of Long {GRB} Profiles},
    journal = {American Astronomical Society Meeting},
    year = 1997,
    month = dec,
    volume = 191,
    pages = {4805},
    url = {http://cdsads.u-strasbg.fr/cgi-bin/nph-bib_query?bibcode=1997AAS...191.4805G&db_key=AST},
    adsnote = {Provided by the NASA Astrophysics Data System}
}



@ARTICLE{aw:martinez93,
    author = {{Martinez}, V.J. and {Paredes}, S.  and {Saar}, E. },
    title = {Wavelet analysis of the multifractal character of the galaxy distribution},
    journal = MNRAS,
    year = 1993,
    month = jan,
    volume = 260,
    pages = {365--375},
    url = {http://cdsads.u-strasbg.fr/cgi-bin/nph-bib_query?bibcode=1993MNRAS.260..365M&db_key=AST},
    adsnote = {Provided by the NASA Astrophysics Data System}
}



@INPROCEEDINGS{aw:petit96,
    author = {{Petit}, J.M. and {Bendjoya}, P. },
    title = {A New Insight in {U}ranus Rings: A Wavelet Analysis 
of the {V}oyager 2 Data},
    booktitle = {ASP Conference Series 107: Completing the Inventory of the Solar System},
    year = 1996,
    pages = {137--146},
    publisher = {Astronomical Society of the Pacific},
    url = {http://cdsads.u-strasbg.fr/cgi-bin/nph-bib_query?bibcode=1996ciss.conf..137P&db_key=AST},
    adsnote = {Provided by the NASA Astrophysics Data System}
}


@INPROCEEDINGS{aw:gorski98,
    author = {{Gorski}, K.M.},
    title = {Analysis Issues for Massive {CMB} Data Sets},
    booktitle = {Evolution of Large-Scale Structure: From Recombination to Garching},
    year = 1998,
    pages = {E49},
    url = {http://cdsads.u-strasbg.fr/cgi-bin/nph-bib_query?bibcode=1998elss.confE..49G&db_key=AST},
    adsnote = {Provided by the NASA Astrophysics Data System}
}



@ARTICLE{aw:rauzy93,
    author = {{Rauzy}, S. and {Lachieze-Rey}, M. and {Henriksen}, R.N.},
    title = {Wavelet analysis of cosmic velocity fields},
    journal = AA,
    year = 1993,
    month = jun,
    volume = 273,
    pages = {357},
    url = {http://cdsads.u-strasbg.fr/cgi-bin/nph-bib_query?bibcode=1993A%26A...273..357R&db_key=AST},
    adsnote = {Provided by the NASA Astrophysics Data System}
}


@ARTICLE{aw:bendjoya93a,
    author = {{Bendjoya}, P.  and {Petit}, J.-M. and {Spahn}, F.},
    title = {Wavelet analysis of the {V}oyager data on planetary rings. {I} 
-- {D}escription of the method},
    journal = {Icarus},
    year = 1993,
    month = oct,
    volume = 105,
    pages = {385},
    url = {http://cdsads.u-strasbg.fr/cgi-bin/nph-bib_query?bibcode=1993Icar..105..385B&db_key=AST},
    adsnote = {Provided by the NASA Astrophysics Data System}
}



@ARTICLE{aw:bendjoya93b,
    author = {{Bendjoya}, P.},
    title = {A CLASSIFICATION OF 6479 ASTEROIDS INTO FAMILIES BY MEANS OF THE WAVELET CLUSTERING METHOD},
    journal = AAS,
    year = 1993,
    month = nov,
    volume = 102,
    pages = {25},
    url = {http://cdsads.u-strasbg.fr/cgi-bin/nph-bib_query?bibcode=1993A%26AS..102...25B&db_key=AST},
    adsnote = {Provided by the NASA Astrophysics Data System}
}


@ARTICLE{aw:andersson93,
    author = {{Andersson}, W.D.L.  and {Andersson}, B.G. },
    title = {A multi-component wavelet analysis of the {B5} molecular cloud},
    journal = {American Astronomical Society Meeting},
    year = 1993,
    month = dec,
    volume = 183,
    pages = {1604},
    url = {http://cdsads.u-strasbg.fr/cgi-bin/nph-bib_query?bibcode=1993AAS...183.1604A&db_key=AST},
    adsnote = {Provided by the NASA Astrophysics Data System}
}



@ARTICLE{aw:hecquet95,
    author = {{Hecquet}, J. and {Augarde}, R. and {Coupinot}, G. and {Auri\`ere}, M.
        },
    title = {Starbursts in the clumpy irregular galaxy {VV} 523.},
    journal = AA,
    year = 1995,
    month = jun,
    volume = 298,
    pages = {726},
    url = {http://cdsads.u-strasbg.fr/cgi-bin/nph-bib_query?bibcode=1995A%26A...298..726H&db_key=AST},
    adsnote = {Provided by the NASA Astrophysics Data System}
}



@ARTICLE{aw:szatmary96,
    author = {{Szatmary}, K. and {Gal}, J. and {Kiss}, L.L.},
    title = {Application of wavelet analysis in variable star research. 
       {II}. {T}he semiregular star {V} {B}ootis},
    journal = AA,
    year = 1996,
    month = apr,
    volume = 308,
    pages = {791--798},
    url = {http://cdsads.u-strasbg.fr/cgi-bin/nph-bib_query?bibcode=1996A%26A...308..791S&db_key=AST},
    adsnote = {Provided by the NASA Astrophysics Data System}
}



@ARTICLE{aw:lega96,
    author = {{Lega}, E. and {Bijaoui}, A. and {Alimi}, J.M. and {Scholl}, H.
        },
    title = {A morphological indicator for comparing simulated cosmological scenarios with observations},
    journal = AA,
    year = 1996,
    volume = 309,
    pages = {23--29},
    url = {http://cdsads.u-strasbg.fr/cgi-bin/nph-bib_query?bibcode=1996A%26A...309...23L&db_key=AST},
    adsnote = {Provided by the NASA Astrophysics Data System}
}



@ARTICLE{aw:michtchenko96,
    author = {{Michtchenko}, T. A. and {Nesvorny}, D.},
    title = {Wavelet analysis of the asteroidal resonant motion},
    journal = AA,
    year = 1996,
    month = sep,
    volume = 313,
    pages = {674--678},
    url = {http://cdsads.u-strasbg.fr/cgi-bin/nph-bib_query?bibcode=1996A%26A...313..674M&db_key=AST},
    adsnote = {Provided by the NASA Astrophysics Data System}
}


@ARTICLE{aw:weistrop96,
    author = {{Weistrop}, D. and {Harvey}, V. and {Pitanzo}, D. and {Cruzen}, S. and 
        {Rogers}, P. and {Beaver}, M. and {Pierce}, D.},
    title = {Morphology of Galaxies in Voids},
    journal = {American Astronomical Society Meeting},
    year = 1996,
    month = dec,
    volume = 189,
    pages = {122.16},
    url = {http://cdsads.u-strasbg.fr/cgi-bin/nph-bib_query?bibcode=1996AAS...18912216W&db_key=AST},
    adsnote = {Provided by the NASA Astrophysics Data System}
}



@ARTICLE{aw:nair97,
    author = {{Nair}, A.D. and {Miller}, H.R. and {Noble}, J.C.},
    title = {Investigating Nightly Variations of Two Blazars With Multi-Resolution Analysis and PCA},
    journal = {American Astronomical Society Meeting},
    year = 1997,
    month = may,
    volume = 190,
    pages = {3909},
    url = {http://cdsads.u-strasbg.fr/cgi-bin/nph-bib_query?bibcode=1997AAS...190.3909N&db_key=AST},
    adsnote = {Provided by the NASA Astrophysics Data System}
}



@ARTICLE{aw:steiman97,
    author = {{Steiman-Cameron}, T.Y. and {Scargle}, J.D. and {Imamura}, J.N. and 
        {Middleditch}, J. },
    title = {16 Second Optical Quasi-periodic Oscillations in {GX} 339-4},
    journal = AJ,
    year = 1997,
    month = sep,
    volume = 487,
    pages = {396},
    url = {http://cdsads.u-strasbg.fr/cgi-bin/nph-bib_query?bibcode=1997ApJ...487..396S&db_key=AST},
    adsnote = {Provided by the NASA Astrophysics Data System}
}


@ARTICLE{aw:lemonon97,
    author = {{Lemonon}, L. and {Pierre}, M. and {Hunstead}, R. and {Reid}, A. and 
        {Mellier}, Y. and {Boehringer}, H.},
    title = {X-ray/optical analysis of the cluster of galaxies Abell 1300: indications of a post-merger at z=0.31.},
    journal = AA,
    year = 1997,
    month = oct,
    volume = 326,
    pages = {34--44},
    url = {http://cdsads.u-strasbg.fr/cgi-bin/nph-bib_query?bibcode=1997A%26A...326...34L&db_key=AST},
    adsnote = {Provided by the NASA Astrophysics Data System}
}


@ARTICLE{aw:dixon98,
    author = {{Dixon}, D. D. and {Hartmann}, D. H. and {Kolaczyk}, E. D. and 
        {Samimi}, J. and {Diehl}, R. and {Kanbach}, G. and {Mayer-Hasselwander}, H. and 
        {Strong}, A. W.},
    title = {Evidence for a Galactic gamma-ray halo},
    journal = {New Astronomy},
    year = 1998,
    month = oct,
    volume = 3,
    pages = {539--561},
    url = {http://cdsads.u-strasbg.fr/cgi-bin/nph-bib_query?bibcode=1998NewA....3..539D&db_key=AST},
    adsnote = {Provided by the NASA Astrophysics Data System}
}



@ARTICLE{aw:damiani98,
    author = {{Damiani}, F. and {Sciortino}, S. and {Micela}, G.},
    title = {Problems and solutions in deriving the log{N}--log{S} of 
sources detected in {PSPC} images with a wavelet-transform algorithm},
    journal = {Astronomische Nachrichten},
    year = 1998,
    volume = 319,
    pages = {78},
    url = {http://cdsads.u-strasbg.fr/cgi-bin/nph-bib_query?bibcode=1998AN....319...78D&db_key=AST},
    adsnote = {Provided by the NASA Astrophysics Data System}
}


@ARTICLE{aw:kalinkov98,
    author = {{Kalinkov}, M. and {Valtchanov}, I. and {Kuneva}, I.},
    title = {Superclusters of galaxies. II. Distribution and correlation functions},
    journal = AA,
    year = 1998,
    month = mar,
    volume = 331,
    pages = {838--852},
    url = {http://cdsads.u-strasbg.fr/cgi-bin/nph-bib_query?bibcode=1998A%26A...331..838K&db_key=AST},
    adsnote = {Provided by the NASA Astrophysics Data System}
}



@ARTICLE{aw:pando98a,
    author = {{Pando}, J.  and {Lipa}, P.  and {Greiner}, M.  and {Fang}, L. 
        },
    title = {Probing Hierarchical Clustering by Scale-Scale Correlations of Wavelet Coefficients},
    journal = AJ,
    year = 1998,
    month = mar,
    volume = 496,
    pages = {9},
    url = {http://cdsads.u-strasbg.fr/cgi-bin/nph-bib_query?bibcode=1998ApJ...496....9P&db_key=AST},
    adsnote = {Provided by the NASA Astrophysics Data System}
}


@ARTICLE{aw:slezak90,
    author = {{Slezak}, E. and {Bijaoui}, A. and {Mars}, G.},
    title = {Identification of structures from galaxy counts - Use of the wavelet transform},
    journal = AA,
    year = 1990,
    month = jan,
    volume = 227,
    pages = {301--316},
    url = {http://cdsads.u-strasbg.fr/cgi-bin/nph-bib_query?bibcode=1990A%26A...227..301S&db_key=AST},
    adsnote = {Provided by the NASA Astrophysics Data System}
}

@ARTICLE{aw:gill90,
    author = {{Gill}, A. G. and {Henriksen}, R. N.},
    title = {A first use of wavelet analysis for molecular clouds},
    journal = AJL,
    year = 1990,
    month = dec,
    volume = 365,
    pages = {L27--L30},
    url = {http://cdsads.u-strasbg.fr/cgi-bin/nph-bib_query?bibcode=1990ApJ...365L..27G&db_key=AST},
    adsnote = {Provided by the NASA Astrophysics Data System}
}



@ARTICLE{aw:lazzati98,
    author = {{Lazzati}, D.  and {Chincarini}, G. },
    title = {On the location of X-ray peaks and dominant galaxies in clusters},
    journal = AA,
    year = 1998,
    month = nov,
    volume = 339,
    pages = {52--60},
    url = {http://cdsads.u-strasbg.fr/cgi-bin/nph-bib_query?bibcode=1998A%26A...339...52L&db_key=AST},
    adsnote = {Provided by the NASA Astrophysics Data System}
}


@ARTICLE{aw:bardelli98,
    author = {{Bardelli}, S. and {Pisani}, A. and {Ramella}, M. and {Zucca}, E. and 
        {Zamorani}, G.},
    title = {A substructure analysis of the A3558 cluster complex},
    journal = MNRAS,
    year = 1998,
    month = oct,
    volume = 300,
    pages = {589--598},
    url = {http://cdsads.u-strasbg.fr/cgi-bin/nph-bib_query?bibcode=1998MNRAS.300..589B&db_key=AST},
    adsnote = {Provided by the NASA Astrophysics Data System}
}


@ARTICLE{aw:popa98,
    author = {{Popa}, L.},
    title = {Power fluctuations in the wavelet space: large-scale {CMB} 
 non-{G}aussian statistics},
    journal = {New Astronomy},
    year = 1998,
    month = oct,
    volume = 3,
    pages = {563--570},
    url = {http://cdsads.u-strasbg.fr/cgi-bin/nph-bib_query?bibcode=1998NewA....3..563P&db_key=AST},
    adsnote = {Provided by the NASA Astrophysics Data System}
}


@ARTICLE{aw:pando98,
    author = {{Pando}, J.  and {Fang}, L. },
    title = {Detecting the non-{G}aussian spectrum  of {QSO}'s {Ly}alpha 
absorption line distribution},
    journal = AA,
    year = 1998,
    month = dec,
    volume = 340,
    pages = {335--342},
    url = {http://cdsads.u-strasbg.fr/cgi-bin/nph-bib_query?bibcode=1998A%26A...340..335P&db_key=AST},
    adsnote = {Provided by the NASA Astrophysics Data System}
}


@ARTICLE{aw:kriessler98,
    author = {{Kriessler}, J. R. and {Han}, E. H. and {Odewahn}, S. C. and 
        {Beers}, T. C.},
    title = {Automated Morphological Classification of Galaxies and the Morphology-Density Relation},
    journal = {American Astronomical Society Meeting},
    year = 1998,
    month = dec,
    volume = 193,
    pages = {3820},
    url = {http://cdsads.u-strasbg.fr/cgi-bin/nph-bib_query?bibcode=1998AAS...193.3820K&db_key=AST},
    adsnote = {Provided by the NASA Astrophysics Data System}
}


@ARTICLE{aw:pando98b,
    author = {{Pando}, J. and {Valls-Gabaud}, D. and {Fang}, L. },
    title = {Evidence for Scale-Scale Correlations in the Cosmic Microwave Background Radiation},
    journal = {American Astronomical Society Meeting},
    year = 1998,
    month = dec,
    volume = 193,
    pages = {3901},
    url = {http://cdsads.u-strasbg.fr/cgi-bin/nph-bib_query?bibcode=1998AAS...193.3901P&db_key=AST},
    adsnote = {Provided by the NASA Astrophysics Data System}
}



@ARTICLE{aw:soon99,
    author = {{Soon}, W.  and {Frick}, P.  and {Baliunas}, S. },
    title = {Lifetime of Surface Features and Stellar Rotation: A Wavelet Time-Frequency Approach},
    journal = AJL,
    year = 1999,
    month = jan,
    volume = 510,
    pages = {L135--L138},
    url = {http://cdsads.u-strasbg.fr/cgi-bin/nph-bib_query?bibcode=1999ApJ...510L.135S&db_key=AST},
    adsnote = {Provided by the NASA Astrophysics Data System}
}


@ARTICLE{aw:chereul99,
    author = {{Chereul}, E. and {Cr\'ez\'e}, M. and {Bienaym\'e}, O.
        },
    title = {The distribution of nearby stars in phase space mapped by Hipparcos.  Clustering and streaming  among A-F type stars},
    journal = AAS,
    year = 1999,
    month = feb,
    volume = 135,
    pages = {5--28},
    url = {http://cdsads.u-strasbg.fr/cgi-bin/nph-bib_query?bibcode=1999A%26AS..135....5C&db_key=AST},
    adsnote = {Provided by the NASA Astrophysics Data System}
}


@ARTICLE{aw:benhamidouche99,
    author = {{Benhamidouche}, N. and {Torresani}, B. and {Triay}, R.},
    title = {The travelling wavelets approach to gravitational instability theory: one-dimensional wavelets},
    journal = MNRAS,
    year = 1999,
    month = feb,
    volume = 302,
    pages = {807--820},
    url = {http://cdsads.u-strasbg.fr/cgi-bin/nph-bib_query?bibcode=1999MNRAS.302..807B&db_key=AST},
    adsnote = {Provided by the NASA Astrophysics Data System}
}



@ARTICLE{aw:lawrence99,
    author = {{Lawrence}, J.K. and {Cadavid}, A.C. and {Ruzmaikin}, A.A.
        },
    title = {Characteristic Scales of Photospheric Flows and Their Magnetic and Temperature Markers},
    journal = AJ,
    year = 1999,
    month = mar,
    volume = 513,
    pages = {506--515},
    url = {http://cdsads.u-strasbg.fr/cgi-bin/nph-bib_query?bibcode=1999ApJ...513..506L&db_key=AST},
    adsnote = {Provided by the NASA Astrophysics Data System}
}


@ARTICLE{aw:schild99,
    author = {{Schild}, R.},
    title = {A Wavelet Exploration of the Q0957+561A,B Brightness Record},
    journal = AJ,
    year = 1999,
    month = apr,
    volume = 514,
    pages = {598--606},
    url = {http://cdsads.u-strasbg.fr/cgi-bin/nph-bib_query?bibcode=1999ApJ...514..598S&db_key=AST},
    adsnote = {Provided by the NASA Astrophysics Data System}
}


@ARTICLE{aw:lepine99,
    author = {{L\'epine}, S. ;b.  and {Moffat}, A. F. J.},
    title = {Wind Inhomogeneities in Wolf-Rayet Stars. II. Investigation of Emission-Line Profile Variations},
    journal = AJ,
    year = 1999,
    month = apr,
    volume = 514,
    pages = {909--931},
    url = {http://cdsads.u-strasbg.fr/cgi-bin/nph-bib_query?bibcode=1999ApJ...514..909L&db_key=AST},
    adsnote = {Provided by the NASA Astrophysics Data System}
}


@ARTICLE{aw:brosch99,
    author = {{Brosch}, N.  and {Hoffman}, Y. },
    title = {The shape of the {L}o{T}r 5 planetary nebula},
    journal = MNRAS,
    year = 1999,
    month = apr,
    volume = 305,
    pages = {241--245},
    url = {http://cdsads.u-strasbg.fr/cgi-bin/nph-bib_query?bibcode=1999MNRAS.305..241B&db_key=AST},
    adsnote = {Provided by the NASA Astrophysics Data System}
}
@ARTICLE{aw:ireland99,
    author = {{Ireland}, J. and {Walsh}, R. W. and {Harrison}, R. A. and {Priest}, E. R.
        },
    title = {A wavelet analysis of active region oscillations},
    journal = AA,
    year = 1999,
    month = jul,
    volume = 347,
    pages = {355--365},
    url = {http://cdsads.u-strasbg.fr/cgi-bin/nph-bib_query?bibcode=1999A%26A...347..355I&db_key=AST},
    adsnote = {Provided by the NASA Astrophysics Data System}
}

@ARTICLE{aw:fligge99,
    author = {{Fligge}, M. and {Solanki}, S. K. and {Beer}, J.},
    title = {Determination of solar cycle length variations  using the continuous wavelet transform},
    journal = AA,
    year = 1999,
    month = jun,
    volume = 346,
    pages = {313--321},
    url = {http://cdsads.u-strasbg.fr/cgi-bin/nph-bib_query?bibcode=1999A%26A...346..313F&db_key=AST},
    adsnote = {Provided by the NASA Astrophysics Data System}
}

@ARTICLE{aw:blanco99,
    author = {{Blanco}, S. and {Bocchialini}, K. and {Costa}, A. and {Domenech}, G. and 
        {Rovira}, M. and {Vial}, J. -C.},
    title = {Multiresolution wavelet analysis of {SUMER/SOHO} 
observations in a solar prominence},
    journal = SPJ,
    year = 1999,
    month = may,
    volume = 186,
    pages = {281--290},
    url = {http://cdsads.u-strasbg.fr/cgi-bin/nph-bib_query?bibcode=1999SoPh..186..281B&db_key=AST},
    adsnote = {Provided by the NASA Astrophysics Data System}
}

@ARTICLE{aw:cambresi99,
    author = {{Cambr\'esy}, L.},
    title = {Mapping of the extinction in giant molecular clouds  using optical star counts},
    journal = AA,
    year = 1999,
    month = may,
    volume = 345,
    pages = {965--976},
    url = {http://cdsads.u-strasbg.fr/cgi-bin/nph-bib_query?bibcode=1999A%26A...345..965C&db_key=AST},
    adsnote = {Provided by the NASA Astrophysics Data System}
}

@ARTICLE{aw:irbah99,
    author = {{Irbah}, A. and {Bouzaria}, M. and {Lakhal}, L. and {Moussaoui}, R. and 
        {Borgnino}, J. and {Laclare}, F. and {Delmas}, C.},
    title = {Feature extraction from solar images using wavelet transform: 
{I}mage cleaning for applications to solar astrolabe experiment},
    journal = SPJ,
    year = 1999,
    month = apr,
    volume = 185,
    pages = {255--273},
    url = {http://cdsads.u-strasbg.fr/cgi-bin/nph-bib_query?bibcode=1999SoPh..185..255I&db_key=AST},
    adsnote = {Provided by the NASA Astrophysics Data System}
}


