@STRING {AA = "Astronomy and Astrophysics"} 
@STRING {AAS = "Astronomy and Astrophysics, Suppl. Ser."}
@STRING{EA = "Experimental Astronomy"}
@STRING{VA = "Vistas in Astronomy"}
@STRING{NA = "New Astronomy"}
@STRING{JOSAA = "Journal of the  Optical Society of  America A"}
@STRING{PASP = "Publications of the Astronomical Society of the Pacific"}
@STRING{STECF = "ST-ECF Newsletter"}
@STRING {AJ = "Astrophysical Journal"}

@STRING{CVGIP = "Computer Vision, Graphics and Image Processing"}
@STRING {TC = "IEEE Transactions on Computers."} 
@STRING{ASSP = "IEEE Transactions on Acoustics, Speech and Signal Processing"}
@STRING{CAS = "IEEE Transactions on Circuits and Systems"}
@STRING{COM = "IEEE Transactions on Communications"}
@STRING{GRS = "IEEE Transactions on Geoscience and Remote Sensing"}
@STRING{ICASSP = "Proc. IEEE Int. Conf. Acoust. Speech., Signal Processing"}
@STRING{IT = "IEEE Transactions on Information Theory"}
@STRING{ITSP = "IEEE Transactions on Signal Processing"}
@STRING{ITIP = "IEEE Transactions on Image Processing"}
@STRING{JFr = "J. Franklin Institute"}
@STRING{JOSA = "J. Opt. Soc. Amer."}
@STRING{MJ = "Mathematical Geology."}
@STRING{PAIAA = "Proc Amer Inst Aeronautics And Astronautics 8th Annual Meeting"}
@STRING{PAMI = "IEEE Transactions on Pattern Analysis and Machine Intelligence"}
@STRING{PERS = "Photogrammetric Engineering and Remote Sensing"}
@STRING{IJRS = "International Journal of Remote Sensing"}
@STRING{IBM = "IBM J. Res. \& Develop."}
@STRING{SP = "Signal Processing"}
@STRING{ARAA = "Annual Review of Astronomy and Astrophysics"}
@STRING {JASA = "Journal of the American Statistical Association"}
@string {IEEETSP = "IEEE Transactions on Signal Processing"}
@string {IEEETCSVT = "IEEE Trans. on Circ. and Syst. for Video Tech."}
@STRING {JASA = "Journal of the American Statistical Association"}
 
@book{col:mallot00,
   author =  	{H. A. Mallot},
   title =  	{Computational Vision: information processing in perception
                 and visual behavior},
   publisher =  {The {MIT} Press},
   year =  	{2000}
}


@INPROCEEDINGS{col:munteanu01,
AUTHOR     = {C. Munteanu and A. Rosa},
TITLE      = {Color image enhancement using evolutionary principles 
              and the Retinex theory of color constancy},
BOOKTITLE  = {Proceedings of the 2001 IEEE Signal Processing
               Society Workshop on 
	       Neural Networks for Signal Processing XI},
PAGES      = {393 -402},
YEAR       = {2001}
}


@ARTICLE{col:barnar02a,
AUTHOR     = {K. Barnard and L. Martin and  A. Coath and B. Funt},
TITLE      = {A comparison of color constancy algorithms. Part Two. Experiments with Image Data},
JOURNAL    = ITIP,
NOTE       = {in press},
YEAR       = {2002}
}
   
@ARTICLE{col:barnar02b,
AUTHOR     = {K. Barnard and V. Cardei and B. Funt},
TITLE      = {A Comparison of Computational Color Constancy Algorithms; 
              Part One: Methodology and Experiments with Synthesized Data},
JOURNAL    = ITIP,
NOTE       = {in press},
YEAR       = {2002}
}	      

@INPROCEEDINGS{col:barnard99,
AUTHOR     = {K. Barnard and B. Funt},
TITLE      = {Investigations into multi-scale retinex},
BOOKTITLE  = {Colour Imaging: Vision and Technology},
publisher     = {Wiley},
PAGES      = {9--17},
YEAR       = {1999}
}

@ARTICLE{col:land86,
AUTHOR     = {E. Land},
TITLE      = {Recent Advances in Retinex Theory},
JOURNAL   = {Vision Research},
VOLUME    = {26},
NUMBER    = {1},
PAGES     = {7--21},
YEAR       = {1986}
}



@INPROCEEDINGS{col:velde99,
AUTHOR     = {K.V. Velde},
TITLE      = {Multi-scale color image enhancement},
BOOKTITLE  = {Proceedings of the International Conference on Image Processing},
Publisher     = {ICIP},
VOLUME     = {3},
PAGES      = {584--587},
YEAR       = {1999}
}

@INPROCEEDINGS{col:jobson01,
AUTHOR     = {D. J. Jobson and Z. Rahman and G. A. Woodell},
TITLE      = {The Spatial Aspect of Color and Scientific Implications of
              Retinex Image Processing},
BOOKTITLE  = {SPIE International Symposium on AeroSense: Visual Information Processing X},
publisher     = {SPIE},
YEAR       = {2001}
}

@INPROCEEDINGS{col:toet92,
AUTHOR     = {A. Toet},
TITLE      = {Multiscale color image enhancement},
BOOKTITLE  = {SPIE International Conference on Image Processing and 
its Applications},
publisher    = {SPIE},
PAGES      = {583--585},
YEAR       = {1992}
}

@ARTICLE{col:jobson97a,
AUTHOR     = {D. J. Jobson and Z. Rahman and G. A. Woodell},
TITLE      = {Properties and Performance of a Center/Surround Retinex},
JOURNAL   = ITIP,
VOLUME    = {6},
NUMBER    = {3},
PAGES     = {451--462},
YEAR       = {1997}
}

@ARTICLE{col:jobson97b,
AUTHOR    = {D. J. Jobson and Z. Rahman  and G. A. Woodell},
JOURNAL   = ITIP,
TITLE     = {A Multi-Scale Retinex For Bridging the Gap Between Color
            Images and the Human Observation of Scenes},
VOLUME    = {6},
NUMBER    = {7},
PAGES     = {965--976},
YEAR      = {1997}
}
 
     
@INPROCEEDINGS{col:rahman96,
AUTHOR     = {Z. Rahman and D. J. Jobson and G. A. Woodell},
TITLE      = {Multi-Scale Retinex for Color Image Enhancement},
BOOKTITLE  = {IEEE International Conference on Image Processing},
publisher    = {IEEE},
YEAR       = {1996}
}

@ARTICLE{starck:sta01_3x,
AUTHOR     = {J.L. Starck  and E. Cand\`es and D.L. Donoho},
JOURNAL    =  ITIP,
TITLE     = {The Curvelet Transform for Image Denoising},
volume    = {11},
number   = {6},
pages  = {131--141},
YEAR       = {2002}
}

@book{starck:book98x,
   author =  	{J.L. Starck and F. Murtagh and A. Bijaoui},
   title =  	{Image Processing and Data Analysis: The Multiscale Approach},
   publisher =  {Cambridge University Press},
   year =  	{1998}
}

