@STRING {AA = "Astronomy and Astrophysics"} 
@STRING {AAS = "Astronomy and Astrophysics, Supplement Series"}
@STRING{EA = "Experimental Astronomy"}
@STRING{VA = "Vistas in Astronomy"}
@STRING{NA = "New Astronomy"}
@STRING{JOSAA = "Journal of the  Optical Society of  America A"}
@STRING{PASP = "Publications of the Astronomical Society of the Pacific"}
@STRING{STECF = "ST-ECF Newsletter"}
@STRING {AJ = "Astrophysical Journal"}
@STRING {AJL = "Astrophysical Journal Letter"}
@STRING{CVGIP = "Computer Vision, Graphics and Image Processing"}
@STRING {TC = "IEEE Transactions on Computers."} 
@STRING{ASSP = "IEEE Transactions on Acoustics, Speech and Signal Processing"}
@STRING{CAS = "IEEE Transactions on Circuits and Systems"}
@STRING{COM = "IEEE Transactions on Communications"}
@STRING{GRS = "IEEE Transactions on Geoscience and Remote Sensing"}
@STRING{ICASSP = "Proc. IEEE Int. Conf. Acoust. Speech., Signal Processing"}
@STRING{IT = "IEEE Transactions on Information Theory"}
@STRING{ITSP = "IEEE Transactions on Signal Processing"}
@STRING{ITIP = "IEEE Transactions on Image Processing"}
@STRING{JFr = "J. Franklin Institute"}
@STRING{JOSA = "Journal of the  Optical Society of America"}
@STRING{MJ = "Mathematical Geology"}
@STRING{PAIAA = "Proc Amer Inst Aeronautics And Astronautics 8th Annual Meeting"}
@STRING{PAMI = "IEEE Transactions on Pattern Analysis and Machine Intelligence"}
@STRING{PERS = "Photogrammetric Engineering and Remote Sensing"}
@STRING{IJRS = "International Journal of Remote Sensing"}
@STRING{IBM = "IBM J. Res. \& Develop."}
@STRING{SP = "Signal Processing"}
@STRING{ARAA = "Annual Review of Astronomy and Astrophysics"}
@STRING {JASA = "Journal of the American Statistical Association"}
@string {IEEETSP = "IEEE Transactions on Signal Processing"}
@string {IEEETCSVT = "IEEE Trans. on Circ. and Syst. for Video Tech."}
@STRING {JASA = "Journal of the American Statistical Association"}
@STRING {MNRAS = "Monthly Notices of the Royal Astronomical Society"}

@ARTICLE{gauss:kunz01,
    author = {{Kunz}, M. and {Banday}, A.~J. and {Castro}, P.~G. and {Ferreira}, P.~G. and 
        {G{\' o}rski}, K.~M.},
    title = "{The Trispectrum of the 4 Year COBE DMR Data}",
    journal = AJL,
    year = 2001,
    month = dec,
    volume = 563,
    pages = {L99--L102},
    url = {http://cdsads.u-strasbg.fr/cgi-bin/nph-bib_query?bibcode=2001ApJ...563L..99K&db_key=AST},
    adsnote = {Provided by the NASA Astrophysics Data System}
}

@MISC{gauss:bouchet00,
    author = {{Bouchet}, F.~R. and {Peter}, P. and {Riazuelo}, A. and {Sakellariadou}, M.},
    title = "{Evidence against or for topological defects in the BOOMERanG data ?}",
    HOWPUBLISHED = {astro-ph/00050022},
    year = 2000  
}

@ARTICLE{gauss:aghanim01b,
    author = {{Aghanim}, N. and {G{\' o}rski}, K.~M. and {Puget}, J.-L.},
    title = "{How accurately can the SZ effect measure peculiar cluster velocities and bulk flows?}",
    journal = AA,
    year = 2001,
    month = jul,
    volume = 374,
    pages = {1--12},
    url = {http://cdsads.u-strasbg.fr/cgi-bin/nph-bib_query?bibcode=2001A%26A...374....1A&db_key=AST},
    adsnote = {Provided by the NASA Astrophysics Data System}
}

@ARTICLE{gauss:bouchet88,
    author = {{Bouchet}, F.~R. and {Bennett}, D.~P. and {Stebbins}, A.},
    title = "{Patterns of the cosmic microwave background from evolving string networks}",
    journal = {Nature},
    year = 1988,
    month = sep,
    volume = 335,
    pages = {410--414},
    url = {http://cdsads.u-strasbg.fr/cgi-bin/nph-bib_query?bibcode=1988Natur.335..410B&db_key=AST},
    adsnote = {Provided by the NASA Astrophysics Data System}
}


@ARTICLE{gauss:shandarin02,
    author = {{Shandarin}, S.~F.},
    title = "{Testing non-Gaussianity in cosmic microwave background maps by morphological statistics}",
    journal = MNRAS,
    year = 2002,
    month = apr,
    volume = 331,
    pages = {865+},
    url = {http://cdsads.u-strasbg.fr/cgi-bin/nph-bib_query?bibcode=2002MNRAS.331..865S&db_key=AST},
    adsnote = {Provided by the NASA Astrophysics Data System}
}

@ARTICLE{gauss:phillips01,
    author = {{Phillips}, N.~G. and {Kogut}, A.},
    title = "{Statistical Power, the Bispectrum, and the Search for Non-Gaussianity in the Cosmic Microwave Background Anisotropy}",
    journal = AJ,
    year = 2001,
    month = feb,
    volume = 548,
    pages = {540--549},
    url = {http://cdsads.u-strasbg.fr/cgi-bin/nph-bib_query?bibcode=2001ApJ...548..540P&db_key=AST},
    adsnote = {Provided by the NASA Astrophysics Data System}
}


@ARTICLE{gauss:barreiro01_1,
    author = {{Barreiro}, R.~B. and {Mart{\' i}nez-Gonz{\' a}lez}, E. and 
        {Sanz}, J.~L.},
    title = "{Geometrical estimators as a test of Gaussianity in the cosmic microwave background}",
    journal = MNRAS,
    year = 2001,
    month = apr,
    volume = 322,
    pages = {411--418},
    url = {http://cdsads.u-strasbg.fr/cgi-bin/nph-bib_query?bibcode=2001MNRAS.322..411B&db_key=AST},
    adsnote = {Provided by the NASA Astrophysics Data System}
}

@ARTICLE{gauss:barreiro01,
    author = {{Barreiro}, R.~B. and {Hobson}, M.~P.},
    title = "{The discriminating power of wavelets to detect non-Gaussianity in the cosmic microwave background}",
    journal = MNRAS,
    year = 2001,
    month = nov,
    volume = 327,
    pages = {813--828},
    url = {http://cdsads.u-strasbg.fr/cgi-bin/nph-bib_query?bibcode=2001MNRAS.327..813B&db_key=AST},
    adsnote = {Provided by the NASA Astrophysics Data System}
}

@ARTICLE{gauss:jewell01,
    author = {{Jewell}, J.},
    title = "{A Statistical Characterization of Galactic Dust Emission as a Non-Gaussian Foreground of the Cosmic Microwave Background}",
    journal = AJ,
    year = 2001,
    month = aug,
    volume = 557,
    pages = {700--713},
    url = {http://cdsads.u-strasbg.fr/cgi-bin/nph-bib_query?bibcode=2001ApJ...557..700J&db_key=AST},
    adsnote = {Provided by the NASA Astrophysics Data System}
}

@ARTICLE{gauss:cayon01,
    author = {{Cay{\' o}n}, L. and {Sanz}, J.~L. and {Mart{\' i}nez-Gonz{\' a}lez}, E. and 
        {Banday}, A.~J. and {Arg{\" u}eso}, F. and {Gallegos}, J.~E. and 
        {G{\' o}rski}, K.~M. and {Hinshaw}, G.},
    title = "{Spherical Mexican hat wavelet: an application to detect non-Gaussianity in the COBE-DMR maps}",
    journal = MNRAS,
    year = 2001,
    month = oct,
    volume = 326,
    pages = {1243--1248},
    url = {http://cdsads.u-strasbg.fr/cgi-bin/nph-bib_query?bibcode=2001MNRAS.326.1243C&db_key=AST},
    adsnote = {Provided by the NASA Astrophysics Data System}
}


@ARTICLE{gauss:novikov00,
    author = {{Novikov}, D. and {Schmalzing}, J. and {Mukhanov}, V.~F.},
    title = "{On non-Gaussianity in the cosmic microwave background}",
    journal = AA,
    year = 2000,
    month = dec,
    volume = 364,
    pages = {17--25},
    url = {http://cdsads.u-strasbg.fr/cgi-bin/nph-bib_query?bibcode=2000A%26A...364...17N&db_key=AST},
    adsnote = {Provided by the NASA Astrophysics Data System}
}

@ARTICLE{gauss:verde00,
    author = {{Verde}, L. and {Wang}, L. and {Heavens}, A.~F. and {Kamionkowski}, M.
        },
    title = "{Large-scale structure, the cosmic microwave background and primordial non-Gaussianity}",
    journal = MNRAS,
    year = 2000,
    month = mar,
    volume = 313,
    pages = {141--147},
    url = {http://cdsads.u-strasbg.fr/cgi-bin/nph-bib_query?bibcode=2000MNRAS.313..141V&db_key=AST},
    adsnote = {Provided by the NASA Astrophysics Data System}
}

@ARTICLE{gauss:aghanim99,
    author = {{Aghanim}, N. and {Forni}, O.},
    title = "{Searching for the non-Gaussian signature of the CMB secondary anisotropies}",
    journal = AA,
    year = 1999,
    month = jul,
    volume = 347,
    pages = {409--418},
    url = {http://cdsads.u-strasbg.fr/cgi-bin/nph-bib_query?bibcode=1999A%26A...347..409A&db_key=AST},
    adsnote = {Provided by the NASA Astrophysics Data System}
}

@ARTICLE{gauss:aghanim01,
    author = {{Aghanim}, N. and {Forni}, O. and {Bouchet}, F.R.},
    title = "{Using the COBE/DMR data as a test-bed for normality assessments}",
    journal = AA,
    year = 2001,
    volume = 365,
    pages = {341--346}
}

@ARTICLE{gauss:hobson99,
    author = {{Hobson}, M.~P. and {Jones}, A.~W. and {Lasenby}, A.~N.},
    title = "{Wavelet analysis and the detection of non-Gaussianity in the cosmic microwave background}",
    journal = MNRAS,
    year = 1999,
    month = oct,
    volume = 309,
    pages = {125--140},
    url = {http://cdsads.u-strasbg.fr/cgi-bin/nph-bib_query?bibcode=1999MNRAS.309..125H&db_key=AST},
    adsnote = {Provided by the NASA Astrophysics Data System}
}

@ARTICLE{gauss:forni99,
    author = {{Forni}, O. and {Aghanim}, N.},
    title = "{Searching for non-gaussianity: Statistical tests}",
    journal = AAS,
    year = 1999,
    month = jun,
    volume = 137,
    pages = {553--567},
    url = {http://cdsads.u-strasbg.fr/cgi-bin/nph-bib_query?bibcode=1999A%26AS..137..553F&db_key=AST},
    adsnote = {Provided by the NASA Astrophysics Data System}
}


@ARTICLE{gauss:bromley99,
    author = {{Bromley}, B.~C. and {Tegmark}, M.},
    title = "{Is the Cosmic Microwave Background Really Non-Gaussian?}",
    journal = AJL,
    year = 1999,
    month = oct,
    volume = 524,
    pages = {L79--L82},
    url = {http://cdsads.u-strasbg.fr/cgi-bin/nph-bib_query?bibcode=1999ApJ...524L..79B&db_key=AST},
    adsnote = {Provided by the NASA Astrophysics Data System}
}
