@STRING{PASP = "PASP"}
@STRING{EA = "Experimental Astronomy"}
@STRING {AA = "Astronomy and Astrophysics"} 
@STRING {AAS = "Astronomy and Astrophysics, Suppl. Ser."}
@STRING{ARAA = "Annual Review of Astronomy and Astrophysics"}
@STRING {AJ = "Astrophysical Journal"}
@STRING {AJL = "ApJ letter"}
@STRING{MNRAS = "MNRAS"}
@STRING{IT = "IEEE Transactions on Information Theory"}
@STRING{ITSP = "IEEE Transactions on Signal Processing"}
@STRING{ITIP = "IEEE Transactions on Image Processing"}
@STRING {AA = "Astronomy and Astrophysics"} 
@STRING {AAS = "Astronomy and Astrophysics, Suppl. Ser."}
@STRING{EA = "Experimental Astronomy"}
@STRING{VA = "Vistas in Astronomy"}
@STRING {AJ = "Astrophysical Journal"}
@STRING{CVGIP = "Computer Vision, Graphics and Image Processing."}
@STRING{SP = "Signal Processing"}
@STRING{ARAA = "Annual Review of Astronomy and Astrophysics"}


% introduce priors for wavelet coeff denoising
@ARTICLE{rest:moulin99,
AUTHOR     = {P. Moulin and J. Liu},
TITLE      = {Analysis of Multiresolution Image Denoising Schemes Using
              Generalized Gaussian and Complexity Priors}, 
JOURNAL    = IT,
VOLUME     = {45},
PAGES      = {909--919},
YEAR       = {1999}
}


% Quadtree to find bolck size
% + 2D DCT per block
% + 1D K-L transform
@ARTICLE{compress:lee99,
AUTHOR     = {J. Lee,
TITLE      = {Optimized Quadtree for Karhunen-Loeve Transform in Multispectral
Imag Coding},
JOURNAL    = ITIP,
VOLUME     = {8},
NUMBER     = {4},
PAGES      = {453--461},
YEAR       = {1999}
}

% edge detectection for filtering
@ARTICLE{edge:xiong99,
AUTHOR     = {Z. Xiong and M.T. Orchard and K. Ramchandran},
TITLE      = {Inverse Halftoning Using Wavelets},
JOURNAL    = ITIP,
VOLUME     = {8},
NUMBER     = {10},
PAGES      = {1479--1482},
YEAR       = {1999}
}

% Cross-validation + wavelet + correlated noise + compariason
% from the regularity in the continuous WT +
% info SURE
@ARTICLE{wave:jansen99,
AUTHOR     = {M. Jansen and A. Bultheel},
TITLE      = {Multiple Wavelet Threshold Estimation by Generalized Cross 
              Validation for Images with Correlated Noise},
JOURNAL    = ITIP,
VOLUME     = {8},
NUMBER     = {7},
PAGES      = {947--953},
YEAR       = {1999}
}

% Deconvolution cross burg deconvolution iterative sheme
% ITIP, Vol 8, no 2, pp 286--292

% Texture classification: ITIP vol 8, no 4, pp593--597, 1999
%    Wavelet + histogram + moments
 
