@STRING {TC = "IEEE Transactions on Computers"} 
@STRING{ASSP = "IEEE Transactions on Acoustics, Speech and Signal Processing"}
@STRING{BSGF = "Bull. Soc. G\'eol. France."}
@STRING{CAILS = "Chemometrics and Intelligent Laboratory Systems"}
@STRING{CAS = "IEEE Transactions on Circuit Systems"}
@STRING{CG = "Computers \& Geosciences"}
@STRING{CJRS = "Canadian Journal of Remote Sensing"}
@STRING{COM = "IEEE Tranactions on Communications"}
@STRING{CVGIP = "Computer Vision, Graphics and Image Processing"}
@STRING{EA = "Experimental Astronomy."}
@STRING{GRS = "IEEE Transactions on Geoscience and Remote Sensing"}
@STRING{IBM = "IBM J. Res. \& Develop."}
@STRING{ICASSP = "Proc. IEEE Int. Conf. Acoust. Speech., Signal Processing"}
@STRING{IJRS = "International Journal of Remote Sensing"}
@STRING{IT = "IEEE Transactions on Information Theory"}
@STRING{ITSP = "IEEE Transactions on Signal Processing"}
@STRING{JFr = "J. Franklin Institute"}
@STRING{JMSE = "Journal Microsc. Spectrosc. Electron."}
@STRING{JSS = "Journal of Soil Science"}
@STRING{Jacou = "J. Acoust. Soc. Amer."}
@STRING{Jopt = "J. Opt. Soc. Amer."}
@STRING{JoptA= "Journal of the  Optical Society of  America A"}
@STRING{MJ = "Mathematical Geology."}
@STRING{PAIAA = "Proc Amer Inst Aeronautics And Astronautics 8th Annual 
Meeting"}
@STRING{PAMI = "IEEE Transactions on Pattern Analysis and Machine Intelligence"}
@STRING{PERS = "Photogrammetric Engineering and Remote Sensing"}

@ARTICLE{reg:achard1,
  AUTHOR       = {F. Achard and F. Blasco},
  JOURNAL      = PERS,
  MONTH        = {{October}},
  NUMBER       = {10},
  PAGES        = {1359-1365},
  TITLE        = {{Analysis of Vegetation Seasonal Evolution and Mapping 
of Forest cover in west Africa with the Use of {NOAA} {AVHRR} {HRPT} Data}},
  VOLUME       = {56},
  YEAR         = {1990}
 }
@ARTICLE{reg:agishtein,
AUTHOR     = {M. E. Agishtein and A. A. Migdal},
JOURNAL    = {{Computers \& Graphics}},
NUMBER     = {1},
PAGES      = {29-39},
TITLE      = {{Smmoth Surface Reconstruction from Scattered data Points}},
VOLUME     = {15},
YEAR       = {1991}
}
@ARTICLE{reg:ali1,
AUTHOR     = {A. E. Ali},
JOURNAL    = PERS,
MONTH      = {{November}},
NUMBER     = {11},
PAGES      = {1533-1537},
TITLE      = {{Geometric Accuracy Testing of Orbital Radar Imagery}},
VOLUME     = {53},
YEAR       = {1987}
}
@ARTICLE{reg:andrews1,
AUTHOR     = {H. C. Andrews and C. L. Patterson III},
JOURNAL    = TC,
MONTH      = {February},
NUMBER     = {2},
PAGES      = {196-202},
TITLE      = {{Digital Interpolation of Discrete Images}},
VOLUME     = {C-25},
YEAR       = {1976}
}

@ARTICLE{reg:anuta1,
AUTHOR     = {P. E. Anuta},
JOURNAL    = {{IEEE Transactions on Geoscience Electronics}},
MONTH      = {October},
NUMBER     = {4},
PAGES      = {353-368},
TITLE      = {{Spatial Registration of Multispectral and Multitemporal Digital Imagery Using 
                       fast Fourier Transform Techniques.}},
VOLUME     = {GE-8},
YEAR       = {1970}
}
@ARTICLE{reg:barnea1,
AUTHOR     = {D. I. Barnea and H. F. Silverman},
JOURNAL    = TC,
MONTH      = {February},
NUMBER     = {2},
PAGES      = {179-186},
TITLE      = {{A Class of Algorithms for Fast Digital Image Registration}},
VOLUME     = {C-21},
YEAR       = {1972}
}
@INPROCEEDINGS{reg:benny1,
AUTHOR     = {A. H. Benny},
BOOKTITLE  = {{Proc of the Eighteenth Symposium on Remote Sensing of Environment, Paris, France}},
MONTH      = {October 1-5},
PAGES      = {1245-1250},
TITLE      = {{Rectification of Landsat-4 Thematic Mapper Images Without Correction Data}},
YEAR       = {1984}
}
@INPROCEEDINGS{reg:bernstein1,
AUTHOR     = {R. Bernstein , H. Silverman.},
BOOKTITLE  = {{Proc Amer Inst Aeronautics And Astronautics 8th Anuu Meeting}},
MONTH      = {Oct},
NOTE       = {{Vol C-21, AIAA paper No 71-978}},
PAGES      = {455-468},
TITLE      = {{Digital Techniques for Earth Resource Image Data Processing}},
YEAR       = {1971}
}
@ARTICLE{reg:bernstein2,
AUTHOR     = {R. Bernstein},
JOURNAL    = PERS,
MONTH      = {Dec},
PAGES      = {1465-1476},
TITLE      = {{Digital Image Processing}},
VOLUME     = {41},
YEAR       = {1975}
}
@ARTICLE{reg:bernstein3,
AUTHOR     = {R. Bernstein},
JOURNAL    = IBM,
MONTH      = {Jan},
PAGES      = {40-57},
TITLE      = {{Digital Image Processing of Earth Observation Sensor Data}},
VOLUME     = {20},
YEAR       = {1976}
}
 
@ARTICLE{reg:brown1,
AUTHOR     = {L. Gottesfeld Brown},
JOURNAL    = {ACM Computing Surveys},
MONTH      = dec,
NUMBER     = {4},
PAGES      = {325-376},
TITLE      = {A Survey of Image Registration Techniques},
VOLUME     = {24},
YEAR       = {1992}
}
@ARTICLE{reg:carter1,
AUTHOR     = {W. H. Carter},
JOURNAL    = {{Proceedings}},
MONTH      = {April 19-22},
PAGES      = {477-486},
TITLE      = {{Image Sampling and Interpolation}},
YEAR       = {1983}
}
@BOOK{reg:castleman1,
  AUTHOR       = {K. R. Castleman},
  PUBLISHER    = {Prentice-Hall Inc},
  SERIES       = {Signal Processing Series},
  TITLE        = {Digital Image Processing},
  YEAR         = {1979}
}
@INPROCEEDINGS{reg:cideciyan1,
AUTHOR     = {A. V. Cideciyan and S. G. Jacobson and C. M. Kemp and R. W. Knighton and J. H. Nagel},
BOOKTITLE  = {{SPIE Vol 1652 Medical Imaging VI: Image Processing}},
PAGES      = {310-322},
TITLE      = {{Registration of High Resolution Images of the Retina}},
YEAR       = {1992}
}
@ARTICLE{reg:clarke1,
AUTHOR     = {K. C. Clarke},
JOURNAL    = PERS,
MONTH      = {{May}},
NUMBER     = {5},
PAGES      = {575-582},
TITLE      = {{A Comparative Analysis of Polygon to Raster Interpolation Methods}},
VOLUME     = {51},
YEAR       = {1985}
}
@ARTICLE{reg:cooley1,
AUTHOR     = {J. W. Cooley and J. W. Tukey},
JOURNAL    = {{Math. comput.}},
MONTH      = {April},
PAGES      = {297-301},
TITLE      = {{An Algorithm for the Machine Calculation of Complex Fourier Series}},
VOLUME     = {19},
YEAR       = {1965}
}
@ARTICLE{reg:cracknell1,
AUTHOR     = {A. P. Cracknell and K. Paithoonwattanakij},
JOURNAL    = IJRS,
NUMBER     = {4-5},
PAGES      = {661-667},
TITLE      = {{Pixel and sub-pixel accuracy in geometrical correction of 
{AVHRR} imagery}},
VOLUME     = {10},
YEAR       = {1989}
}
@ARTICLE{reg:craig1,
AUTHOR     = {M. D. Craig and A. A. Green},
JOURNAL    = PERS,
MONTH      = {{September}},
NUMBER     = {9},
PAGES      = {501-506},
TITLE      = {{One-Dimensional Resampling of Digital Imagery to Sparse Output Grids}},
VOLUME     = {53},
YEAR       = {1987}
}
@ARTICLE{reg:deleeuw1,
AUTHOR     = {A. J. {De Leeuw} and L. M. M. Veugen and H. T. C. {Van Stokkom}},
JOURNAL    = IJRS,
NUMBER     = {10-11},
PAGES      = {1751-1759},
TITLE      = {{Geometric correction of remotely-sensed imagery using ground control points and orthogonal polynomials}},
VOLUME     = {9},
YEAR       = {1988}
}
@ARTICLE{reg:desachy1,
AUTHOR     = {J. Desachy and G. Begni and B. Boissin and J. Perbos},
JOURNAL    = PERS,
MONTH      = {September},
NUMBER     = {9},
PAGES      = {1291-1298},
TITLE      = {{Investigation of {L}andsat-4 {T}hematic {M}apper Line-to-Line and Band-to-Band Registration and Relative Detector Calibration}},
VOLUME     = {51},
YEAR       = {1985}
}
@ARTICLE{reg:djamdji1,
AUTHOR     = {J.P. Djamdji and A. Bijaoui and R. Maniere},
JOURNAL    = PERS,
MONTH      = May,
NUMBER     = {5},
PAGES      = {645-653},
TITLE      = {{Geometrical registration of images: the multiresolution approach}},
VOLUME     = {59},
YEAR       = {1993}
}
@ARTICLE{reg:djamdji2,
AUTHOR     = {J.P. Djamdji and A. Bijaoui and R. Maniere},
JOURNAL    = {{SPIE's International Symposium on Optical Engineering and Photonics}},
MONTH      = {{12-16 April - Orlando}},
NOTE       = {{Volume 1938}},
PAGES      = {412-422},
TITLE      = {{Geometrical Registration of Remotely Sensed Images with the Use of the Wavelet Transform}},
YEAR       = {1993}
}
@PHDTHESIS{reg:djamdji3,
  AUTHOR       = {J.P. Djamdji},
  MONTH        = {{2 D\'ecembre}},
  SCHOOL       = {{Universit\'e de Nice Sophia Antipolis}},
  TITLE        = {{Analyse en ondelettes et mise en correspondance en 
t\'el\'ed\'etection}},
  YEAR         = {1993}
}
@ARTICLE{reg:dubuc1,
AUTHOR     = {S. Dubuc},
JOURNAL    = {{Journal of Mathematical Analysis and Applications}},
PAGES      = {185-204},
TITLE      = {{Interpolation through an Iterative Scheme}},
VOLUME     = {114},
YEAR       = {1986}
}
@ARTICLE{reg:fanklen1,
AUTHOR     = {S. E. Franklin and D. R. Peddle and B. A. Wilson and C. F. Blodgett},
JOURNAL    = {{Computers and Geoscience}},
NUMBER     = {6},
PAGES      = {759-775},
TITLE      = {{Pixel Sampling of Remotely Sensed Digital Imagery}},
VOLUME     = {17},
YEAR       = {1991}
}
@ARTICLE{reg:fischel1,
AUTHOR     = {D. Fischel},
JOURNAL    = GRS,
MONTH      = {May},
NUMBER     = {3},
PAGES      = {237-242},
TITLE      = {{Validation of the Thematic Mapper Radiometric and Geometric Correction Algorithms}},
VOLUME     = {{GE-22}},
YEAR       = {1984}
}
@ARTICLE{reg:fisher1,
AUTHOR     = {P. F. Fisher},
JOURNAL    = PERS,
MONTH      = {October},
NUMBER     = {10},
PAGES      = {1321-1327},
TITLE      = {{First Experiments in Viewshed Uncertainty: The Accuracy of the Viewshed Area}},
VOLUME     = {57},
YEAR       = {1991}
}
@ARTICLE{reg:ford1,
AUTHOR     = {G. E. Ford and C. I. Zanelli},
JOURNAL    = PERS,
MONTH      = {November},
NUMBER     = {11},
PAGES      = {1725-1734},
TITLE      = {{Analysis and Quantification of Errors in the Geometric Correction of Satellite Images}},
VOLUME     = {51},
YEAR       = {1985}
}
@ARTICLE{reg:forest1,
AUTHOR     = {R. B. Forrest},
JOURNAL    = PERS,
MONTH      = {August},
NUMBER     = {8},
PAGES      = {1187-1193},
TITLE      = {{Simulation of Orbital Image-Sensor Geometry}},
VOLUME     = {47},
YEAR       = {1981}
}
@ARTICLE{reg:franke1,
AUTHOR     = {R. Fanke},
JOURNAL    = {{Mathematics of Computation}},
MONTH      = {{January}},
NUMBER     = {157},
PAGES      = {181-200},
TITLE      = {{Scattered Data Interpolation: Tests of Some Methods}},
VOLUME     = {38},
YEAR       = {1982}
}
@ARTICLE{reg:fraser1,
AUTHOR     = {D. Fraser},
JOURNAL    = CVGIP,
PAGES      = {267-283},
TITLE      = {Comparison at High Spatial Frequencies of Two-Pass and One-Pass Geometric Transformation Algorithms},
VOLUME     = {46},
YEAR       = {1989}
}
@ARTICLE{reg:fraser2,
AUTHOR     = {D. Fraser and R. Schowengerdt and I. Briggs},
JOURNAL    = CVGIP,
PAGES      = {23-36},
TITLE      = {{Rectification of Multichannel Images in Mass Storage Using Image Transposition}},
VOLUME     = {29},
YEAR       = {1985}
}
@BOOK{reg:goodmann1,
AUTHOR     = {J. W. Goodman.},
PUBLISHER  = {{McGraw-Hill}},
TITLE      = {{Introduction to Fourier Optics}},
YEAR       = {1968}
}
@ARTICLE{reg:goshtasby1,
AUTHOR     = {A. Goshtasby},
JOURNAL    = {{Pattern Recognition}},
NUMBER     = {5},
PAGES      = {525-533},
TITLE      = {{Piecewise Cubic Mapping Functions for Image Registration}},
VOLUME     = {{20}},
YEAR       = {1987}
}
@ARTICLE{reg:goshtasby2,
AUTHOR     = {A. Goshtasby and G. C. Stockman and C. V. Page},
JOURNAL    = GRS,
MONTH      = {{May}},
NUMBER     = {3},
PAGES      = {390-399},
TITLE      = {{A Region-Based Approach to Digital Image Registration with Subpixel Accuracy}},
VOLUME     = {{GE-24}},
YEAR       = {1986}
}
 
@article{reg:hiernaux1,
   author =  	{Hiernaux P.H.Y., Justice C.O},
   title =  	{Suivi du d\'eveloppement v\'eg\'etal au cours de l'\'et\'e 1984 dans le Sahel Malien},
   journal =  	{IJRS},
   volume =  	11,
   pages =  	{1515-1531},
   year =  	1986,
   number =  	7
}
 
@ARTICLE{reg:hoogeboom1,
AUTHOR     = {P. Hoogeboom and P. Binnenkade and L. M. M. Veugen},
JOURNAL    = GRS,
MONTH      = {May},
NUMBER     = {6},
PAGES      = {570-576},
TITLE      = {{An Algorithm for Radiometric and Geometric and Geometric Correction of Digital {SLAR} Data}},
VOLUME     = {{GE-22}},
YEAR       = {1984}
}
@ARTICLE{reg:hou1,
AUTHOR     = {H. Hou and H. C. Andrews},
JOURNAL    = ASSP,
MONTH      = {December},
NUMBER     = {6},
PAGES      = {508-517},
TITLE      = {{Cubic Splines for Image Interpolation and Digital Filtering}},
VOLUME     = {ASSP-26},
YEAR       = {1978}
}
@PHDTHESIS{reg:jeansoulin1,
  AUTHOR       = {R. Jeansoulin},
  MONTH        = {{15 Juin}},
  SCHOOL       = {{Universit\'e Paul Sabatier de Toulouse}},
  TITLE        = {{Les images multi-sources en t\'el\'ed\'etection: Mise 
en correspondance num\'erique et analyse de la structure g\'eom\'etrique}},
  YEAR         = {1982}
}
@ARTICLE{reg:justice1,
  AUTHOR       = {Justice C.O., Hiernaux P.H.Y},
  JOURNAL      = IJRS,
  NUMBER       = {7},
  PAGES        = {1475-1495},
  VOLUME       = {11},
  TITLE        = {{Monitoring the grasslands of the sahel using {NOAA} {AVHRR} data: {N}iger 
1983}},
  YEAR         = {1986}
}
@ARTICLE{reg:justice2,
AUTHOR     = {C.O. Justice and S. W. Wharton and B. N. Holben},
JOURNAL    = IJRS,
NUMBER     = {3},
PAGES      = {213-230},
TITLE      = {{Application of digital terrain data to quantify and reduce the topographic effect on Landsat data}},
VOLUME     = {2},
YEAR       = {1981}
}
@ARTICLE{reg:kaneko1,
AUTHOR     = {T. Kaneko},
JOURNAL    = PERS,
MONTH      = {October},
NUMBER     = {10},
PAGES      = {1285-1299},
TITLE      = {{Evaluation of {LANDSAT} Registration Accuracy}},
VOLUME     = {42},
YEAR       = {1976}
}
@ARTICLE{reg:karayiannis,
AUTHOR     = {N. B. Karayiannis and A. N. Venetsanopoulos},
JOURNAL    = {{Signal Processing}},
PAGES      = {259-288},
TITLE      = {{Image interpolation based on variational principles}},
VOLUME     = {25},
YEAR       = {1991}
}
@book{reg:kendal1,
   author =  	{Kendal M.G. and Stuart A},
   title =  	{The Advanced Theory of Statistics},
   publisher =  	{Charles Griffin \& Company Limited},
   year =  	{1973},
   edition =  	{Third},
   volume =  	2,
   address =  	{London},
}
@ARTICLE{reg:keys1,
AUTHOR     = {R. G. Keys},
JOURNAL    = ASSP,
MONTH      = {December},
NUMBER     = {6},
PAGES      = {1153-1160},
TITLE      = {{Cubic Convolution Interpolation for Digital Image Processing}},
VOLUME     = {ASSP-29},
YEAR       = {1981}
}
@ARTICLE{reg:levin1,
AUTHOR     = {I. Levine},
JOURNAL    = GRS,
MONTH      = {April},
NUMBER     = {2},
PAGES      = {175-179},
TITLE      = {{The Geometric Correction of {LANDSAT}-Type Imagery Using Perturbation Techniques}},
VOLUME     = {{GE-21}},
YEAR       = {1983}
}
@ARTICLE{reg:li1,
AUTHOR     = {Z. Li},
JOURNAL    = PERS,
MONTH      = {October},
NUMBER     = {10},
PAGES      = {1333-1340},
TITLE      = {{Effects of Check Points on the Reliability of {DTM} Accuracy Estimates Obtained from Experimental Tests}},
VOLUME     = {57},
YEAR       = {1991}
}
@BOOK{reg:lillesand1,
AUTHOR     = {T. Lillesand and R. Kiefer.},
EDITION    = {second},
PUBLISHER  = {{John Wiley \& sons}},
TITLE      = {{Remote Sensing and Image Interpretation}},
YEAR       = {1987}
}
 
@ARTICLE{reg:markarian1,
AUTHOR     = {H. Markarian and R. Bernstein and D. Ferneyhough and L. Gregg and F. Sharp},
JOURNAL    = PERS,
PAGES      = {1311-1320},
TITLE      = {{Digital Correction for High-Resolution Images}},
YEAR       = {1973}
}
@ARTICLE{reg:marvin1,
AUTHOR     = {J. W. Marvin and M. L. Labovitz and R. E. Wolfe},
JOURNAL    = GRS,
MONTH      = {March},
NUMBER     = {2},
PAGES      = {244-251},
TITLE      = {{Derivation of a Fast Algorithm to Account for Distorsions Due to Terrain in Earth-Viewing Satellite Sensor Images}},
VOLUME     = {{GE-25}},
YEAR       = {1987}
}
@ARTICLE{reg:mcgillem1,
AUTHOR     = {C. D. McGillem and M. Svedlow},
JOURNAL    = {{IEEE Trans. Geosci. Electron}},
MONTH      = {Jan},
PAGES      = {44-49},
TITLE      = {{Image Registration Error Variance as a Measure of Overlay Quality}},
VOLUME     = {{GE-14}},
YEAR       = {1976}
}
@ARTICLE{reg:morel1,
AUTHOR     = {P. Morel},
JOURNAL    = {{Preprint}},
PAGES      = {1-10},
TITLE      = {{Interpolation avec Spline Polynomiales}},
VOLUME     = {{}}
}
@ARTICLE{reg:morel2,
AUTHOR     = {P. Morel},
JOURNAL    = {{Preprint}},
PAGES      = {1-8},
TITLE      = {{B-Splines et Fonctions M\'elang\'ees}},
VOLUME     = {{}}
}
@ARTICLE{reg:nagy1,
AUTHOR     = {G. Nagy},
JOURNAL    = {{Proceedings of the IEEE}},
MONTH      = {December},
NUMBER     = {10},
PAGES      = {1177-1200},
TITLE      = {{Digital Image-Processing Activities in Remote Sensing for Earth Resources}},
VOLUME     = {60},
YEAR       = {1972}
}
@BOOK{reg:niblack1,
AUTHOR     = {W. Niblack.},
PUBLISHER  = {{Prentice/Hall International}},
TITLE      = {{An Introduction to Digital Image Processing}},
YEAR       = {1986}
}
@ARTICLE{reg:orti1,
AUTHOR     = {F. Orti1},
JOURNAL    = PERS,
MONTH      = {January},
NUMBER     = {1},
PAGES      = {101-110},
TITLE      = {{Optimal Distribution of Control Points to Minimize {L}andsat Image Registration Errors}},
VOLUME     = {47},
YEAR       = {1981}
}
@BOOK{reg:papoulis1,
AUTHOR     = {A. Papoulis.},
PUBLISHER  = {{McGraw-Hill}},
TITLE      = {{Probability, Random Variables and Stochastic Processes}},
YEAR       = {1991}
}
@ARTICLE{reg:park1,
AUTHOR     = {S. Park and R. Showengerdt},
JOURNAL    = CVGIP,
PAGES      = {258-272},
TITLE      = {{Image Reconstruction by Parametric Cubic Convolution}},
VOLUME     = {23},
YEAR       = {1983}
}
@ARTICLE{reg:park2,
AUTHOR     = {S. Park and R. Showengerdt},
JOURNAL    = {{Applied Optics}},
MONTH      = {{1 September}},
NUMBER     = {17},
PAGES      = {3142-3151},
TITLE      = {{Image sampling, reconstructin, and the effect of sample-scene phasing}},
VOLUME     = {21},
YEAR       = {1982}
}
@ARTICLE{reg:polidori1,
AUTHOR     = {L. Polodori and J. Chorowicz and R. Guillande},
JOURNAL    = PERS,
MONTH      = {October},
NUMBER     = {10},
PAGES      = {1239-1332},
TITLE      = {{Description of Terrain as a Fractal Surface, and Application to Digital Elevation Model Quality Assessment}},
VOLUME     = {57},
YEAR       = {1991}
}
 
@ARTICLE{reg:pratt2,
AUTHOR     = {Pratt W.K},
JOURNAL    = {{IEEE Transactions on Aerospace and 
Electronic Systems}},
PAGES      = {353-358},
TITLE      = {{Correlation Techniques of Image Registration}},
VOLUME     = {AES-10},
YEAR       = {1974},
   month =  	{May}
}
@INPROCEEDINGS{reg:rifman1,
AUTHOR     = {S. S. Rifman.},
BOOKTITLE  = {{Proc. Symp. Significant Results Obtained from ERTS-1 (NASA SP-327). }},
NOTE       = {{Vol I, Sec B}},
PAGES      = {1131-1142},
TITLE      = {{Digital Rectification of {ERTS} Multispectral Imagery}},
YEAR       = {1973}
}
@ARTICLE{reg:rifman2,
AUTHOR     = {S. S. Rifman and D. M. McKinnon},
JOURNAL    = {{TRW Report 20634-6003-TV-02}},
MONTH      = {July},
TITLE      = {{Evaluation of Digital Correction Techniques for {ERTS} images}},
YEAR       = {1974}
}
@PHDTHESIS{reg:roux1,
AUTHOR     = {M. Roux},
ADDRESS    = {Paris},
MONTH      = {{25 Septembre}},
SCHOOL     = {Ecole Nationale Sup\'erieure des T\'el\'ecommunications},
TITLE      = {{Recalage d'Images Multi-Sources. Application au Recalage d'une Image {SPOT} et d'une Carte}},
YEAR       = {{1992}}
}
@BOOK{reg:schowengerdt1,
AUTHOR     = {R. Showengerdt.},
PUBLISHER  = {{Academic Press, Inc}},
TITLE      = {{Techniques for Image Processing and Classification in Remote Sensing}},
YEAR       = {1983}
}
@ARTICLE{reg:sederberg1,
AUTHOR     = {T. W. Sederberg and D. C. Anderson},
JOURNAL    = CVGIP,
PAGES      = {72-84},
TITLE      = {{Implicit Representation of Parametric Curves and Surfaces}},
VOLUME     = {28},
YEAR       = {1984}
}
@ARTICLE{reg:seto1,
AUTHOR     = {Y. Seto and K. Homma and F. Komura},
JOURNAL    = CJRS,
MONTH      = {May},
NUMBER     = {1},
PAGES      = {74-89},
TITLE      = {{Geometric Correction Algorithms For Satellite Imagery Using a Bi-Directional Scanning Sensor}},
VOLUME     = {5},
YEAR       = {1979}
}
@ARTICLE{reg:seto2,
AUTHOR     = {Y. Seto and F. Komura and A. Tsuboi and N. Hamano},
JOURNAL    = {{Systems and Computers in Japan}},
NUMBER     = {1},
PAGES      = {76-90},
TITLE      = {{Interpolation Algorithm for Unequally Spaced Image Data with Quality Correction Capability}},
VOLUME     = {22},
YEAR       = {1991}
}
@ARTICLE{reg:seto3,
AUTHOR     = {Y. Seto and F. Komura and N. Hamano},
JOURNAL    = {{Systems and Computers in Japan}},
NUMBER     = {14},
PAGES      = {43-57},
TITLE      = {{A Proposal of an Interpolation Filter with Image Quality Correction Capability}},
VOLUME     = {21},
YEAR       = {1991}
}
@ARTICLE{reg:shlien1,
AUTHOR     = {S. Shlien},
JOURNAL    = GRS,
MONTH      = {March},
NUMBER     = {2},
PAGES      = {292-299},
TITLE      = {{Geometric Correction, Registration and Resampling of Landsat Imagery}},
VOLUME     = {29},
YEAR       = {1991}
}
@ARTICLE{reg:simon1,
AUTHOR     = {K. W. Simon},
JOURNAL    = {{Preprint}},
PAGES      = {1-11},
TITLE      = {{Digital Image Reconstruction and Resampling for Geometric Manipulation}}
}
@BOOK{reg:spotimage2,
  EDITOR       = {Spotimage},
  PUBLISHER    = {{CNES et SPOTIMAGE}},
  TITLE        = {{Guide Des Utilisateurs de Donn\'ees SPOT}},
  VOLUME       = {2},
  YEAR         = {1986}
}
@ARTICLE{reg:tucker1,
AUTHOR     = {Tucker C.J., Justice C.O., Prince S.D},
JOURNAL    = IJRS,
PAGES      = {1571-1582},
TITLE      = {{Monitoring the grasslands of the {S}ahel: 1984-1985}},
VOLUME     = {11},
   number =  	7,
YEAR       = {1986}
}
@ARTICLE{reg:weisensee1,
AUTHOR     = {M. Weisensee and B. Wrobel},
JOURNAL    = PERS,
MONTH      = {{February}},
NUMBER     = {2},
PAGES      = {177-179},
TITLE      = {{The Identification of Homologous Image Points by Multiple Stereoscopic Comparison}},
VOLUME     = {53},
YEAR       = {1987}
}
@ARTICLE{reg:westin1,
AUTHOR     = {T. Westin},
JOURNAL    = {{Photogrammetric Record}},
MONTH      = {October},
NUMBER     = {78},
PAGES      = {923-929},
TITLE      = {{Pass Processing and Extrapolation of Spot Image Geometry}},
VOLUME     = {{13}},
YEAR       = {1991}
}
@ARTICLE{reg:westin2,
AUTHOR     = {T. Westin},
JOURNAL    = {{Photogrammetric Record}},
MONTH      = {October},
NUMBER     = {78},
PAGES      = {917-922},
TITLE      = {{Empirical Models for Altitude Variability of the {SPOT} 1 Satellite}},
VOLUME     = {{13}},
YEAR       = {1991}
}
 

@STRING{SIAMmath = "SIAM J. Appl. Math."}
@STRING{SMC = "IEEE Transactions on Systems, Man, and Cybernetics"}
@STRING{TC = "IEEE Transactions on Computers."}
@STRING{TC = "IEEE Transactions on Computers."}
@STRING{TIBG = "Trans. Inst. Br. Georgr. N.S."}
