% Version 2001-11-16 FM

@STRING {AA = "Astronomy and Astrophysics"} 
@STRING {AAS = "Astronomy and Astrophysics, Supplement Series"}
@STRING {AN = "Astronomical Journal"}
@STRING{EA = "Experimental Astronomy"}
@STRING{VA = "Vistas in Astronomy"}
@STRING{NA = "New Astronomy"}
@STRING{JOSAA = "Journal of the  Optical Society of  America A"}
@STRING{PASP = "Publications of the Astronomical Society of the Pacific"}
@STRING{STECF = "ST-ECF Newsletter"}
@STRING {AJ = "Astrophysical Journal"}
@STRING {AJS = "Astrophysical Journal Supplement Series"}
@STRING {AJL = "Astrophysical Journal Letters"}
@STRING{CVGIP = "Computer Vision, Graphics and Image Processing"}
@STRING {TC = "IEEE Transactions on Computers"} 
@STRING{ASSP = "IEEE Transactions on Acoustics, Speech and Signal Processing"}
@STRING{CAS = "IEEE Transactions on Circuits and Systems."}
@STRING{COM = "IEEE Transactions on Communications"}
@STRING{GRS = "IEEE Transactions on Geoscience and Remote Sensing"}
@STRING{ICASSP = "Proc. IEEE Int. Conf. Acoust. Speech., Signal Processing"}
@STRING{IT = "IEEE Transactions on Information Theory"}
@STRING{ITSP = "IEEE Transactions on Signal Processing"}
@STRING{ITIP = "IEEE Transactions on Image Processing"}
@STRING{JFr = "J. Franklin Institute"}
@STRING{JOSA = "J. Opt. Soc. Amer."}
@STRING{MJ = "Mathematical Geology"}
@STRING{PAIAA = "Proc Amer Inst Aeronautics And Astronautics 8th Annual
 Meeting"}
@STRING{PAMI = "IEEE Transactions on Pattern Analysis and Machine Intelligence"}
@STRING{PERS = "Photogrammetric Engineering and Remote Sensing"}
@STRING{IJRS = "International Journal of Remote Sensing"}
@STRING{IBM = "IBM J. Res. \& Develop."}
@STRING{SP = "Signal Processing"}
@STRING{ARAA = "Annual Review of Astronomy and Astrophysics"}
@STRING {JASA = "Journal of the American Statistical Association"}
@STRING{MNRAS = "Monthly Notices of the Royal Astronomical Society"}

@ARTICLE{gif,
    author = {{Kauffmann}, G. and {Colberg}, J.~M. and {Diaferio}, A. and 
        {White}, S.~D.~M.},
    title = "{Clustering of galaxies in a hierarchical universe - I. Methods and results at z=0}",
    journal = MNRAS,
    year = 1999,
    month = {},
    volume = 303,
    pages = {188-206},
}

@ARTICLE{lachieze,
    author = {{Maurogordato}, S.  and {Lachieze-Rey}, M. },
    title = {Void probabilities in the galaxy distribution --- Scaling and luminosity segregation},
    journal = AJ,
    year = 1987,
    month = {},
    volume = 320,
    pages = {13--25},
}

@ARTICLE{martinez90,
    author = {{Mart\'{\i}nez}, V. J. and {Jones}, B. J. T. and {Dom\'{\i}nguez-Tenreiro}, R.  and 
	{van de Weygaert}, R. },
    title = {Clustering paradigms and multifractal measures},
    journal = AJ,
    year = 1990,
    month = {},
    volume = 357,
    pages = {50--61},
}

@ARTICLE{kerscherJ,
    author = {{Kerscher}, M. and {Pons-Border\'{\i}a}, M.\ J. and {Schmalzing}, J. and 
        {Trasarti-Battistoni}, R. and {Buchert}, T. and {Mart\'{\i}nez}, V.\ J. and 
        {Valdarnini}, R.},
    title = "A Global Descriptor of Spatial Pattern Interaction in the Galaxy Distribution",
    journal = AJ,
    year = 1999,
    month = {},
    volume = 513,
    pages = {543--548},
}

@ARTICLE{martinez93,
    author = {{Mart\'{\i}nez}, V. J. and {Paredes}, S.  and {Saar}, E. },
    title = {Wavelet analysis of the multifractal character of the galaxy distribution},
    journal = MNRAS,
    year = 1993,
    month = {},
    volume = 260,
    pages = {365--375},
}


@book{skm,
  author    = {D. Stoyan and W. S. Kendall and J. Mecke},
  title     = {Stochastic Geometry and Its Applications},
  publisher = {John Wiley \& Sons},
  year      = {1995}, 
    volume   = {},
    series   = {},
    address  = {Chichester},
    edition  = {},
    month    = {},
    note     = {}
}

@ARTICLE{astro:luo96,
    author = {{Luo}, S. and {Vishniac}, E.},
    title = "{Three-dimensional shape statistics: Methodology}",
    journal = AJS,
    year = 1995,
    month = feb,
    volume = 96,
    pages = {429-460},
    url = {http://cdsads.u-strasbg.fr/cgi-bin/nph-bib_query?bibcode=1995ApJS...96..429L&db_key=AST},
    adsnote = {Provided by the NASA Astrophysics Data System}
}
@ARTICLE{astro:soneira78,
    author = {{Soneira}, R.~M. and {Peebles}, P.~J.~E.},
    title = "{A computer model universe - Simulation of the nature of the galaxy distribution in the Lick catalog}",
    journal = AN,
    year = 1978,
    month = jul,
    volume = 83,
    pages = {845-849},
    url = {http://cdsads.u-strasbg.fr/cgi-bin/nph-bib_query?bibcode=1978AJ.....83..845S&db_key=AST},
    adsnote = {Provided by the NASA Astrophysics Data System}
}


@ARTICLE{astro:yang01,
    author = {{Yang}, X. and {Feng}, L. and {Chu}, Y. and {Fang}, L.},
    title = "{Measuring the Galaxy Power Spectrum with Multiresolution Decomposition. II. Diagonal and Off-Diagonal Power Spectra of the Las Campanas Redshift Survey Galaxies}",
    journal = AJ,
    year = 2001,
    month = may,
    volume = 553,
    pages = {1--13},
    url = {http://cdsads.u-strasbg.fr/cgi-bin/nph-bib_query?bibcode=2001ApJ...553....1Y&db_key=AST},
    adsnote = {Provided by the NASA Astrophysics Data System}
}
@ARTICLE{astro:pagliaro99,
    author = {{Pagliaro}, A. and {Antonuccio-Delogu}, V. and {Becciani}, U. and 
        {Gambera}, M.},
    title = "{Substructure recovery by three-dimensional discrete wavelet transforms}",
    journal = MNRAS,
    year = 1999,
    month = dec,
    volume = 310,
    pages = {835--841},
    url = {http://cdsads.u-strasbg.fr/cgi-bin/nph-bib_query?bibcode=1999MNRAS.310..835P&db_key=AST},
    adsnote = {Provided by the NASA Astrophysics Data System}
}


@ARTICLE{cf:kurokawa01,
    author = {T. Kurokawa and M. Morikawa and H. Mouri},
    title = {Scaling analysis of galaxy distribution in the {L}as 
       {C}ampanas {R}edshift {S}urvey data},
    journal = AA,
    year = 2001,
    month = may,
    volume = 370,
    pages = {358--364},
    url = {http://cdsads.u-strasbg.fr/cgi-bin/nph-bib_query?bibcode=2001A%26A...370..358K&db_key=AST},
    adsnote = {Provided by the NASA Astrophysics Data System}
}


@ARTICLE{cf:martinez01,
    author = {Mart\'{\i}nez, V.J. and L\'opez-Mart\'{\i}, B. and 
        Pons-Border\'{\i}a, M.},
    title = {Does the Galaxy Correlation Length Increase 
             with the Sample Depth?},
    journal = AJL,
    year = 2001,
    month = jun,
    volume = 554,
    pages = {L5--L8},
    url = {http://cdsads.u-strasbg.fr/cgi-bin/nph-bib_query?bibcode=2001ApJ...554L...5M&db_key=AST},
    adsnote = {Provided by the NASA Astrophysics Data System}
}


@ARTICLE{cf:lieshout96,
    author = {M.N.M. Van Lieshout and A.J. Baddeley},
    title = {A non parametric measure of spatial interaction in point patterns},
    journal = {Statistica Neerlandica},
    year = 1996,
    volume = 50,
    pages = {344-361}
}

@ARTICLE{cf:mecke94,
    author = {{Mecke}, K.~R. and {Buchert}, T. and {Wagner}, H.},
    title = "{Robust morphological measures for large-scale structure in the Universe}",
    journal = AA,
    year = 1994,
    month = aug,
    volume = 288,
    pages = {697--704},
    url = {http://cdsads.u-strasbg.fr/cgi-bin/nph-bib_query?bibcode=1994A%26A...288..697M&db_key=AST},
    adsnote = {Provided by the NASA Astrophysics Data System}
}



ARTICLE{cf:szapudi01,
    author = {{Szapudi}, I.~;. and {Postman}, M. and {Lauer}, T.~R. and {Oegerle}, W.
        },
    title = {Observational Constraints on Higher Order Clustering up to z \~{}= 1},
    journal = AJ,
    year = 2001,
    month = feb,
    volume = 548,
    pages = {114--126},
    url = {http://cdsads.u-strasbg.fr/cgi-bin/nph-bib_query?bibcode=2001ApJ...548..114S&db_key=AST},
    adsnote = {Provided by the NASA Astrophysics Data System}
}

@INPROCEEDINGS{cf:peebles01,
AUTHOR     = {P.J.E. Peebles},
TITLE      = {The Galaxy and Mass {N}-Point Correlation Functions: 
              a Blast from the Past},
BOOKTITLE  = {Historical Development of Modern Cosmology},
EDITOR     = {V.J. Mart{\'{\i}}nez and V. Trimble and M.J. Pons-Border{\'{\i}}a},
PUBLISHER  = {ASP Conference Series},
ADDRESS    = {Astronomical Society of the Pacific},
YEAR       = {2001}
}

@INPROCEEDINGS{cf:peebles00,
  AUTHOR       = {P.J.E. Peebles},
  TITLE      = {{Statistical analysis of large-scale structure in the Universe}},
  PUBLISHER    = {Lecture Notes in Physics 554},
  EDITOR       = {V.J. Mart{\'{\i}}nez and V. Trimble and M.J. 
                       Pons-Border{\'{\i}}a},
  TITLE        = {Statistical Physics and Spatial Satistics: The art
     of analyzing and modeling spatial structures and pattern formation},
  YEAR         = {2000}
}

@article{cf:pen99,
   author =   {U.L. Pen}, 
   title  =   {Brief Note: {A}nalytical Fit to the Luminosity Distance 
              for Flat Cosmologies with a Cosmological Constant},
   journal  = {Astrophysical Journal Supplement}, 
   volume   = {120}, 
   pages    = {49},
   year =       {1999}
}

@ARTICLE{cf:pons99,
    author = {M. {Pons-Border{\'{\i}}a} and V.J. {Mart{\'{\i}}nez} and 
      D. {Stoyan} and H. {Stoyan} and E. {Saar}},
    title = "Comparing Estimators of the Galaxy Correlation Function",
    journal = AJ,
    year = 1999,
    month = oct,
    volume = 523,
    pages = {480--491},
    url = {http://cdsads.u-strasbg.fr/cgi-bin/nph-bib_query?bibcode=1999ApJ...523..480P&db_key=AST},
    adsnote = {Provided by the NASA Astrophysics Data System}
}



@ARTICLE{cf:szapudi98,
    author = {{Szapudi}, S. and {Szalay}, A.~S.},
    title = {A New Class of Estimators for the {N}-Point Correlations},
    journal = AJL,
    year = 1998,
    month = feb,
    volume = 494,
    pages = {L41},
    url = {http://cdsads.u-strasbg.fr/cgi-bin/nph-bib_query?bibcode=1998ApJ...494L..41S&db_key=AST},
    adsnote = {Provided by the NASA Astrophysics Data System}
}


@BOOK{cf:martinezsaar,
  AUTHOR       = {Mart{\'{\i}}nez, V. J. and Saar, E.},
  TITLE        = {Statistics of the Galaxy Distribution},
  ADDRESS      = {Boca Raton},
  PUBLISHER    = {Chapman and Hall/CRC press},
  YEAR         = {2002}
}

@ARTICLE{cf:kerscher99,
    author = {{Kerscher}, M.},
    title = "{The geometry of second-order statistics - biases in common estimators}",
    journal = AA,
    year = 1999,
    month = mar,
    volume = 343,
    pages = {333-347},
    url = {http://cdsads.u-strasbg.fr/cgi-bin/nph-bib_query?bibcode=1999A%26A...343..333K&db_key=AST},
    adsnote = {Provided by the NASA Astrophysics Data System}
}

@ARTICLE{cf:kerscher00a,
    author = {M. Kerscher and I. Szapudi and A. S. Szalay},
    title = {A Comparison of Estimators for the Two-Point Correlation Function},
    journal = AJL,
    year = 2000,
    month = may,
    volume = 535,
    pages = {L13--L16},
    url = {http://cdsads.u-strasbg.fr/cgi-bin/nph-bib_query?bibcode=2000ApJ...535L..13K&db_key=AST},
    adsnote = {Provided by the NASA Astrophysics Data System}
}

@INPROCEEDINGS{cf:kerscher00b,
  AUTHOR       = {M. Kerscher},
  TITLE      = {Statistical analysis of large-scale structure in the 
{U}niverse},
  PUBLISHER    = {Lecture Notes in Physics 554},
  EDITOR       = {K. Mecke and D. Stoyan},
  BOOKTITLE        = {Statistical Physics and Spatial Satistics: The Art
     of Analyzing and Modeling Spatial Structures and Pattern Formation},
  YEAR         = {2000}
}

@ARTICLE{cf:efron86,
    author = {B. Efron and R. Tibshirani},
    title = {The bootstrap method for standard errors, confidence intervals, 
             and other measures of statistical accuracy},
    journal = {Statistical Science},
    year = 1986,
    volume = {1},
    pages = {54},
}


@BOOK{cf:peebles80,
    author = {Peebles, P.J.E.},
    title = {The Large-Scale Structure of the Universe},
    publisher = {Princeton University Press},
    year = {1980},
}

@ARTICLE{cf:davis83,
    author = {{Davis}, M. and {Peebles}, P.J.E.},
    title = {A survey of galaxy redshifts. {V} -- {T}he two-point position 
    and velocity correlations},
    journal = AJ,
    year = 1983,
    month = apr,
    volume = 267,
    pages = {465--482},
}

@ARTICLE{cf:hamilton93,
    author = {{Hamilton}, A.J.S.},
    title = {Toward Better Ways to Measure the Galaxy Correlation Function},
    journal = AJ,
    year = 1993,
    month = nov,
    volume = 417,
    pages = {19},
    url = {http://cdsads.u-strasbg.fr/cgi-bin/nph-bib_query?bibcode=1993ApJ...417...19H&db_key=AST},
    adsnote = {Provided by the NASA Astrophysics Data System}
}


@ARTICLE{cf:landy93,
    author = {Landy, S.D. and Szalay, A.S.},
    title = {Bias and variance of angular correlation functions},
    journal = AJ,
    year = 1993,
    month = jul,
    volume = 412,
    pages = {64--71},
    url = {http://cdsads.u-strasbg.fr/cgi-bin/nph-bib_query?bibcode=1993ApJ...412...64L&db_key=AST},
    adsnote = {Provided by the NASA Astrophysics Data System}
}


@book{cf:stoyan95,
   author =  	{D. Stoyan and W.S. Kendall and J. Mecke},
   title =  	{Stochastic Geometry and its Applications},
   publisher =  {Wiley},
   year =  	1995,
}

@ARTICLE{cf:fisher95,
    author = {{Fisher}, K.B. and {Huchra}, J.P. and {Strauss}, M.A. and 
        {Davis}, M. and {Yahil}, A. and {Schlegel}, D.},
    title = {The {IRAS} 1.2 {J}y {S}urvey: Redshift Data},
    journal = {Astrophysical Journal Supplement},
    year = 1995,
    month = sep,
    volume = 100,
    pages = {69},
    url = {http://cdsads.u-strasbg.fr/cgi-bin/nph-bib_query?bibcode=1995ApJS..100...69F&db_key=AST},
    adsnote = {Provided by the NASA Astrophysics Data System}
}




@ARTICLE{1973ApJ...185..413P,
    author = {{Peebles}, P.J.E.},
    title = {STATISTICAL ANALYSIS OF CATALOGS OF EXTRAGALACTIC OBJECTS. I. THEORY},
    journal = AJ,
    year = 1973,
    month = oct,
    volume = 185,
    pages = {413--440},
    url = {http://adsabs.harvard.edu/cgi-bin/nph-bib_query?bibcode=1973ApJ...185..413P&db_key=AST},
    adsnote = {Provided by the NASA Astrophysics Data System}
}

@ARTICLE{1975ApJ...196..647P,
    author = {{Peebles}, P.J.E.},
    title = {Statistical analysis of catalogs of extragalactic objects. VI - The galaxy distribution in the Jagellonian field},
    journal = AJ,
    year = 1975,
    month = mar,
    volume = 196,
    pages = {647--651},
    url = {http://adsabs.harvard.edu/cgi-bin/nph-bib_query?bibcode=1975ApJ...196..647P&db_key=AST},
    adsnote = {Provided by the NASA Astrophysics Data System}
}


@ARTICLE{1976A&A....53..131P,
    author = {{Peebles}, P. J. E. and {Groth}, E. J.},
    title = {An integral constraint for the evolution of the galaxy two-point correlation function},
    journal = AA,
    year = 1976,
    month = nov,
    volume = 53,
    pages = {131--140},
    url = {http://adsabs.harvard.edu/cgi-bin/nph-bib_query?bibcode=1976A%26A....53..131P&db_key=AST},
    adsnote = {Provided by the NASA Astrophysics Data System}
}

@ARTICLE{1977ApJ...217..385G,
    author = {{Groth}, E. J. and {Peebles}, P. J. E.},
    title = {Statistical analysis of catalogs of extragalactic objects. VII - Two- and three-point correlation functions for the high-resolution Shane-Wirtanen catalog of galaxies},
    journal = AJ,
    year = 1977,
    month = oct,
    volume = 217,
    pages = {385--405},
    url = {http://adsabs.harvard.edu/cgi-bin/nph-bib_query?bibcode=1977ApJ...217..385G&db_key=AST},
    adsnote = {Provided by the NASA Astrophysics Data System}
}

@ARTICLE{1988ApJ...333L...9D,
    author = {{Davis}, M.  and {Meiksin}, A.  and {Strauss}, M. A. and {Da Costa}, L. N.  and 
        {Yahil}, A. },
    title = {On the universality of the two-point galaxy correlation function},
    journal = AJL,
    year = 1988,
    month = oct,
    volume = 333,
    pages = {L9--L12},
    url = {http://adsabs.harvard.edu/cgi-bin/nph-bib_query?bibcode=1988ApJ...333L...9D&db_key=AST},
    adsnote = {Provided by the NASA Astrophysics Data System}
}


@ARTICLE{1990ApJ...353...51R,
    author = {{Ramella}, M.  and {Geller}, M. J. and {Huchra}, J. P.},
    title = {The two-point correlation function for groups of galaxies in the Center for Astrophysics redshift survey},
    journal = AJ,
    year = 1990,
    month = apr,
    volume = 353,
    pages = {51--58},
    url = {http://adsabs.harvard.edu/cgi-bin/nph-bib_query?bibcode=1990ApJ...353...51R&db_key=AST},
    adsnote = {Provided by the NASA Astrophysics Data System}
}

@ARTICLE{1991A&A...245..347B,
    author = {{Betancort-Rijo}, J.},
    title = {Sampling error of two-point correlation functions},
    journal = AA,
    year = 1991,
    month = may,
    volume = 245,
    pages = {347--352},
    url = {http://adsabs.harvard.edu/cgi-bin/nph-bib_query?bibcode=1991A%26A...245..347B&db_key=AST},
    adsnote = {Provided by the NASA Astrophysics Data System}
}

@ARTICLE{1991A&A...251..385C,
    author = {{Calzetti}, D. and {Giavalisco}, M. and {Ruffini}, R. and {Wiedenmann}, G.
        },
    title = {The two-point correlation functions applied to systems with or without a mean density},
    journal = AA,
    year = 1991,
    month = nov,
    volume = 251,
    pages = {385--388},
    url = {http://adsabs.harvard.edu/cgi-bin/nph-bib_query?bibcode=1991A%26A...251..385C&db_key=AST},
    adsnote = {Provided by the NASA Astrophysics Data System}
}

@ARTICLE{1993ApJ...411..485B,
    author = {{Buchert}, T.  and {Mart{\'{\i}}nez}, V. J.},
    title = {Two-point correlation function in pancake models and the fair sample hypothesis},
    journal = AJ,
    year = 1993,
    month = jul,
    volume = 411,
    pages = {485--500},
    url = {http://adsabs.harvard.edu/cgi-bin/nph-bib_query?bibcode=1993ApJ...411..485B&db_key=AST},
    adsnote = {Provided by the NASA Astrophysics Data System}
}

@ARTICLE{1999ApJ...510...32M,
    author = {{Ma}, C. -P. },
    title = {Redshift Evolution of the Nonlinear Two-Point Correlation Function},
    journal = AJ,
    year = 1999,
    month = jan,
    volume = 510,
    pages = {32--41},
    url = {http://adsabs.harvard.edu/cgi-bin/nph-bib_query?bibcode=1999ApJ...510...32M&db_key=AST},
    adsnote = {Provided by the NASA Astrophysics Data System}
}

