@STRING {AA = "Astronomy and Astrophysics"} 
@STRING {AJ = "Astrophysical Journal"}
@STRING {AJL = "Astrophysical Journal Letters"}


@INPROCEEDINGS{frac:labini99,
    author = {{Sylos Labini}, F.},
    title = "{On the fractal structure of the universe: methods, results and theoretical implication}",
    booktitle = {Dark matter in Astrophysics and Particle Physics},
    year = 1999,
    pages = {336},
    url = {http://cdsads.u-strasbg.fr/cgi-bin/nph-bib_query?bibcode=1999dmap.conf..336S&db_key=AST},
    adsnote = {Provided by the NASA Astrophysics Data System}
}


@ARTICLE{frac:joyce99,
    author = {{Joyce}, M. and {Montuori}, M. and {Labini}, F.~S.},
    title = {Fractal Correlations in the {CFA}2-{S}outh {R}edshift {S}urvey},
    journal = AJL,
    year = 1999,
    month = mar,
    volume = 514,
    pages = {L5--L8},
    url = {http://cdsads.u-strasbg.fr/cgi-bin/nph-bib_query?bibcode=1999ApJ...514L...5J&db_key=AST},
    adsnote = {Provided by the NASA Astrophysics Data System}
}
@ARTICLE{frac:labini98,
    author = {{Durrer}, R. and {Labini}, F.~S.},
    title = "{A fractal galaxy distribution in a homogeneous universe?}",
    journal = AA,
    year = 1998,
    month = nov,
    volume = 339,
    pages = {L85--L88},
    url = {http://cdsads.u-strasbg.fr/cgi-bin/nph-bib_query?bibcode=1998A%26A...339L..85D&db_key=AST},
    adsnote = {Provided by the NASA Astrophysics Data System}
}
@INPROCEEDINGS{frac:pietronero01,
    author = {{Pietronero}, L. and {Sylos Labini}, F.},
    title = {Fractal Structures and the Large Scale Distribution of Galaxies},
    booktitle = {Current Topics in Astrofundamental Physics: the Cosmic Microwave Background},
    year = 2001,
    pages = {391},
    url = {http://cdsads.u-strasbg.fr/cgi-bin/nph-bib_query?bibcode=2001ctap.conf..391P&db_key=AST},
    adsnote = {Provided by the NASA Astrophysics Data System}
}

@book {frac:falconer90,
 author  = {K. Falconer},
 title   = {Fractal Geometry: Mathematical Foundations and Applications},
 publisher = {Wiley},
 address = {Chichester},
 year    = {1990},
 }

@book {frac:mandel83,
 author  = {B. Mandelbrot},
 title   = {The Fractal Geometry of Nature},
 publisher = {Freeman},
 address = {New York},
 year    = {1983},
}

@article {frac:paladin86,
 author  = {G. Paladin and A. Vulpiani},
 title   = {Anomalous scaling laws in multifractal objects},
 journal = {Physics Reports},
 volume  = {156},
 pages = {147--225},
 year = {1987},
}

@book {frac:arneodo90,
  author = {A. Arneodo and F. Argoul and E. Bacry and J. Elezgaray  and  J. F. Muzy},
  title = {Ondelettes, Multifractales et Turbulences},
  publisher = {Diderot, Arts et Sciences}, 
  address = {Paris}, 
  year = {1995},
}

