@STRING {AA = "Astronomy and Astrophysics"} 
@STRING{CVGIP = "CVGIP: Graphical Models and Image Processing"}
@STRING{EA = "Experimental Astronomy"}
@string {IEEETIT =    "IEEE Trans.\ Inform.\ Theory"}
@string {IEEETPAMI =  "IEEE Trans.\ Patt.\ Anal.\ Mach.\ Intell."}
@STRING{ITIP = "IEEE Transactions on Image Processing"}
@STRING {TC = "IEEE Transactions on Computers."} 


@ARTICLE{liang,
AUTHOR     = {K.C. Liang and C-C. J. Kuo},
TITLE      = {WaveGuide: a joint wavelet-based image
representation and description scheme},
JOURNAL    = {IEEE Transactions on Image Processing},
VOLUME     = {8},
PAGES      = {1619--1629},
YEAR       = {1999}
}

@ARTICLE{kobatake,
AUTHOR     = {H. Kobatake and M. Murakami and H. Takeo and S Nawano},
TITLE      = {Computerized detection of malignant tumors on 
digital mammograms},
JOURNAL    = {IEEE Transactions on Medical Imaging},
VOLUME     = {18},
PAGES      = {369--378},
YEAR       = {1999}
}

@ARTICLE{kim,
AUTHOR     = {J.K. Kim and H.W. Park},
TITLE      = {Statistical textural features for detection of
microcalcifications in digitized mammograms},
JOURNAL    = {IEEE Transactions on Medical Imaging},
VOLUME     = {18},
PAGES      = {231--238},
YEAR       = {1999}
}

@ARTICLE{ferraro,
AUTHOR     = {M. Ferraro, G. Boccignone and T. Caelli},
TITLE      = {On the representation of image structures via scale space
              entropy conditions},
JOURNAL    = {IEEE Transactions on Pattern Analysis and Machine Intelligence},
VOLUME     = {21},
PAGES      = {1199--1203},
YEAR       = {1999}
}

@ARTICLE{heine,
AUTHOR     = {J.J. Heine and S.R. Deans and D. Gangadharan and L.P. Clarke},
TITLE      = {Multiresolution analysis of two-dimensional 1/f 
processes: approximation methods for random variable transformations},
JOURNAL    = {Optical Engineering},
VOLUME     = {38},
PAGES      = {1505-1516},
YEAR       = {1999}
}

 
