@STRING{PASP = "PASP"}
@STRING{EA = "Experimental Astronomy"}
@STRING {AA = "Astronomy and Astrophysics"} 
@STRING {AAS = "Astronomy and Astrophysics, Suppl. Ser."}
@STRING{ARAA = "Annual Review of Astronomy and Astrophysics"}
@STRING {AJ = "Astrophysical Journal"}
@STRING {AJL = "Astrophysical Journal Letters"}
@STRING{MNRAS = "MNRAS"}



@ARTICLE{iso:coulais99,
AUTHOR     = {A. Coulais and A. Abergel},
JOURNAL    = AA,
NOTE       = {submitted},
YEAR       = {1999}
}

@ARTICLE{iso:abergel99,
AUTHOR     = {A. Abergel and M. A. Miville-Desch\^ene and F.X. D\'esert and MX. P\'erault and H. Aussel and M. Sauvage},
JOURNAL    = EA,
note       = {in press},
YEAR       = {1999}
}

@ARTICLE{iso:abergel96,
AUTHOR     = {A. Abergel and J.-P. Bernard and F. Boulanger},
JOURNAL    = AA,
VOLUME     = {315},
PAGES      = {L329},
YEAR       = {1996}
}

@ARTICLE{iso:miville99,
AUTHOR     = {M. A. Miville-Dech\^ene and  F. Boulanger and A. Abergel and J.-P. Bernard},
TITLE      = {New data processing for {ISOCAM} raster imaging of extended emission},
JOURNAL    =  AA,
note       = {in press},
YEAR       = {1999}
}

@ARTICLE{iso:altieri99,
    author = {B. {Altieri}  and L. {Metcalfe}  and J. P.  {Kneib}  and 
    B. {McBreen}  and  H. {Aussel}  and A. {Biviano} and  M. {Delaney} 
    and D. {Elbaz}  and  K. {Leech}  and L. {Lemonon}  
    and K. {Okumura}  and R. {Pello}  and B. {Schulz}},
    title = {An ultra-deep {ISOCAM} observation through a cluster-lens},
    journal = AA,
    year = 1999,
    month = mar,
    volume = 343,
    pages = {L65--L69},
    url = {http://cdsads.u-strasbg.fr/cgi-bin/nph-bib_query?bibcode=1999A%26A...343L..65A&db_key=AST},
    adsnote = {Provided by the NASA Astrophysics Data System}
}

@TECHREPORT{iso:aussel97,
AUTHOR      = {H. Aussel},
INSTITUTION = {CEA},
TITLE       = {{ISOCAM LW} channel field of view distortion},
ADRESS      = {http:///isowww.estec.esa.nl:80/instr/CAM/cal\_wksp/},
YEAR        = {1997}
}

@PHDTHESIS{aussel:phd,
  AUTHOR       = {H. Aussel},
  MONTH        = {January},
  SCHOOL       = {Universit\'e de Paris VII, France},
  TITLE        = {Formation et \'evolution des galaxies, observ\'ees dans 
  l'infrarouge moyen},
  YEAR         = {1999}
}

@TECHREPORT{iso:biviano98,
AUTHOR      = {A. Biviano and  M. Sauvage and  P. Roman and O. Boulade and  P. Gallais and 
K. Okumura},
INSTITUTION = {ESA},
TITLE       = {The {ISOCAM} dark current calibration report},
YEAR        = {1998}
}


@TECHREPORT{iso:abergel98,
AUTHOR      = {A. {Abergel} and A. Coulais},
INSTITUTION = {IAS},
TITLE       = {New method to correct {ISOCAM-LW} transient effects: first results},
YEAR        = {1998}
}

@TECHREPORT{iso:bure96,
AUTHOR      = {D. Van Buren and H. Aussel},
INSTITUTION = {IPAC},
TITLE       = {{ISOCAM-LW} dark frames are simply related},
YEAR        = {1996}
}
 
@TECHREPORT{iso:desert96,
AUTHOR      = {F.X. D\'esert and J.-L Puget},
INSTITUTION = {IAS Orsay},
TITLE       = {{ISOCAM}: Reduction technique for deep surveys},
YEAR        = {1996}
}

@ARTICLE{iso:desert99,
AUTHOR     = {F.X. D\'esert and J.-L Puget and D. Clements,
M. P\'eraultand A. Abergel and  J.P. Bernard and  C.J. Cesarsky},
JOURNAL    = AA,
TITLE      = {A classical approach to faint extragalactic source extraction from {ISOCAM} deep surveys.
              Application to the {H}ubble {D}eep {F}ield},
VOLUME     = {134},
PAGES      = {342--263},
YEAR       = {1999},
}

@misc{iso:elbaz98,
   author =   {D. Elbaz and others}, 
   howpublished = {invited contribution to
Proc. of 34th Liege International Astrophysics Colloquium on the "Next
Generation Space Telescope", ESA Publication, astro-ph/9807209},
   year =       {1998}
}
 
@misc{iso:team94,
   author =   {ISO-Team}, 
   howpublished = {{ISOCAM} {O}bserver {M}anual, 
{http://isowww.estec.esa.nl/manuals/iso\_cam/cam\_om\_1.html}},
   year =       {1994}
}
 
@misc{iso:okumura97,
   author =   {K. Okumura}, 
   howpublished = {{ISOCAM PSF} Report, {ESA/CAM IDT}, {http://isowww.estec.esa.nl:80/instr/CAL/cal\_wksp}},
   year =       {1997}
}

@TECHREPORT{iso:delattre96,
AUTHOR      = {C. Delattre},
INSTITUTION = {CEA},
TITLE       = {About Transients},
YEAR        = {1996}
}

@ARTICLE{iso:fouks95,
AUTHOR      = {B.I. Fouks and J. Schuber},
TITLE      = {Precise theoretical
description of the photoresponse for detectors of {ISOPHOT}'s Si:Ga array},
JOURNAL    = {Proc. SPIE},
VOLUME     = {487},
PAGES      = {2475},
YEAR       = {1995}
}

@ARTICLE{iso:holtzman95,
AUTHOR     = {J.A. Holtzman and C.J. Burrows and S. Casertano and J.J Hester
and J.T. Trauger and A.M. Watson and G. Worthey},
TITLE      = {The Photometric Performance and Calibration of {WFPC2}},
JOURNAL    =  PASP,
VOLUME     = {107},
PAGES      = {1065},
YEAR       = {1995}
}

  
@INPROCEEDINGS{iso:ott96,
AUTHOR     = {S. Ott et al.},
TITLE      = {Design and Implementation of CIA, the {ISOCAM} Interactive Analysis System},
BOOKTITLE  = {Astronomical Data Analysis Software and Systems},
YEAR       = {1996}
}  

@ARTICLE{iso:sanders96,
AUTHOR      = {D.B. Sanders and F. Mirabel},
TITLE      = {Luminous Infrared Galaxies},
JOURNAL    = ARAA,
VOLUME     = {34},
PAGES      = {749},
YEAR       = {1996}
}

@INPROCEEDINGS{iso:franceschini97,
AUTHOR     = {A. Franceschini},
TITLE      = {The extragalactic infrared background},
BOOKTITLE  = {Extragalactic Astronomy in the Infrared},
EDITOR     = {G.A. Mamon and Trinh Xu\^an Thu\^an and J. Tr\^an Thanh V\^an},
PUBLISHER  = {Editions Fronti\`eres},
PAGES      = {509-519},
YEAR       = {1997}
}

@INPROCEEDINGS{iso:djorgovski92,
AUTHOR     = {S. Djorgovski and D. Thompson},
BOOKTITLE  = {{IAU} Symposium 149: The stellar population of galaxies},
PAGES      = {337},
EDITOR     = {B. Barbuy and A. Renzini},
PUBLISHER  = {Kluwer},
ADDRESS    = {Dordrecht},
YEAR       = {1992}
}

@ARTICLE{iso:kessler96,
AUTHOR     = {M. F. Kessler  and J. A. Steinz and   M. E. Anderegg  and J. Clavel and 
              G.  Drechsel  and  P. Estaria  and  J. Faelker  and  J. R. Riedinger 
              and   A. Robson  and  B. G. Taylor  and  S. Ximenez de Ferran},
JOURNAL    = AA,
PAGES      = {L27--L31},
TITLE      = {The Infrared Space Observatory ({ISO}) mission},
VOLUME     = {315},
YEAR       = {1996}
}

@ARTICLE{iso:houck84,
AUTHOR     = {J. R. Houck  and B. T. Soifer and  G. Neugebauer  G. and  others},
TITLE      = {Unidentified point sources in the {IRAS} minisurvey},
JOURNAL    = AJL,
PAGES      = {L63--L66},
VOLUME     = {278},
YEAR       = {1984}
}

@ARTICLE{iso:houck85,
AUTHOR     = {J. R. Houck  and D. P. Schneider and G. E Danielson and others},
TITLE      = {Unidentified {IRAS} sources - Ultrahigh-luminosity galaxies},
JOURNAL    = AJL,
PAGES      = {L5--L8},
VOLUME     = {290},
YEAR       = {1985}
}


@ARTICLE{iso:soifer84_1,
AUTHOR     = {B. T. Soifer and G. Neugebauer and G. Helou and others},
TITLE      = {The remarkable infrared galaxy Arp 220 = {IC} 4553},
JOURNAL    = AJL,
PAGES      = {L1--L4},
VOLUME     = {283},
YEAR       = {1984}
}


@ARTICLE{iso:soifer84_2,
AUTHOR     = {B. T. Soifer and  M. Rowan-Robinson and J. R Houck and others},
TITLE      = {Infrared galaxies in the {IRAS} minisurvey},
JOURNAL    = AJL,
PAGES      = {L71--L74},
VOLUME     = {278},
YEAR       = {1984}
}

@misc{iso:elbaz_forthcoming,
   author =   {D. Elbaz and others}, 
   howpublished = {in progress},
   year =       {1999}
}

@INPROCEEDINGS{iso:elbaz_unesco,
AUTHOR     = {D. Elbaz and H. Aussel and C. Cesarsky and others},
TITLE      = {Deep Surveys in the Mid-Infrared},
BOOKTITLE  = {{ESA} Conference: Universe as seen by {ISO}},
EDITOR     = {P. Cox and M.F. Kessler},
PAGES      = {},
PUBLISHER  = {ESA Special Publications series (SP-427)},
ADDRESS    = {astro-ph 9902229},
YEAR       = {1998}
}

@INPROCEEDINGS{iso:vigroux_unesco,
AUTHOR     = {L. Vigroux and V. Charmandaris and  P. Gallais and others},
TITLE      = {{ISOCAM} Observations of Galaxies},
BOOKTITLE  = {ESA Conference: Universe as seen by ISO},
EDITOR     = {P. Cox and M.F. Kessler},
PAGES      = {},
PUBLISHER  = {ESA Special Publications series (SP-427)},
ADDRESS    = {},
YEAR       = {1998}
}
   

@ARTICLE{iso:rowan97_1,
AUTHOR     = {P. Goldschmidt  and S. J.  Oliver and S. B. G.  Serjeant  
and A. Baker and
N. Eaton  and  A. Efstathiou  and C. Gruppioni and  R. G. Mann and 
B. Mobasher and  M. Rowan-Robinson and T. J. Sumner and 
 L.  Danese  and   D. Elbaz  and  A. Franceschini  and  E. Egami and M. Kontizas
  and  A. Lawrence  and  R. Mcmahon  and 
 H. U. Norgaard-Nielsen and I.  Perez-fournon  and J. I. Gonzalez-serrano}, 
 TITLE      = {Observations of the {Hubble Deep Field} with the Infrared Space Observatory 
 - {II}. Source detection and photometry},
JOURNAL    = MNRAS,
VOLUME     = {289},
PAGES      = {465},
YEAR       = {1997}
}

@ARTICLE{iso:rowan97_2,
AUTHOR     = {S. B. G. Serjeant and N. Eaton and S. J.  Oliver and  A. Efstathiou
 and P. Goldschmidt R. G. Mann and 
B. Mobasher and  M. Rowan-Robinson and T. J. Sumner and 
L.  Danese  and   D. Elbaz  and  A. Franceschini  and  E.  Egami and M. Kontizas
 and  A. Lawrence  and  R. Mcmahon  and 
 H. U. Norgaard-Nielsen and I.  Perez-fournon  and J. I. Gonzalez-serrano},
TITLE      = {Observations of the {Hubble Deep Field} with the {I}nfrared 
{S}pace {O}bservatory 
-- {I}. {D}ata reduction, maps and sky coverage}, 
JOURNAL    = MNRAS,
VOLUME     = {289},
PAGES      = {457},
YEAR       = {1997}
}

