% Version 2001-11-16 FM

@STRING{GRS = "IEEE Transactions on Geoscience and Remote Sensing"}
@STRING{JOSAA = "Journal of the  Optical Society of  America A"}
@STRING{JOSA = "Journal of the  Optical Society of  America"}
@STRING{ITSP = "IEEE Transactions on Signal Processing"}
@STRING{ITIP = "IEEE Transactions on Image Processing"}
@STRING{VA = "Vistas in Astronomy"}
@STRING {AJ = "Astrophysical Journal"}
@STRING {AA = "Astronomy and Astrophysics"} 
@STRING{CAS = "IEEE Transactions on Circuits and Systems"}
@STRING {AAS = "Astronomy and Astrophysics, Supplement Series"}
@STRING{PASP = "Publications of the Astronomical Society of the Pacific"}
@STRING {MNRAS = "Monthly Notices of the Royal Astronomical Society"}

@ARTICLE{rest:malgouyres02,
AUTHOR     = {F. Malgouyres},
TITLE      = {Mathematical analysis of a model which combines total variation
              and wavelet for image restoration},
JOURNAL    = {Journal of Information Processes},
VOLUME     = {2},
NUMBER     = {1},
PAGES      = {1--10},
YEAR       = {2002}
} 			  

@TECHREPORT{rest:froment01,
AUTHOR      = {S. Durand and J. Froment},
INSTITUTION = {CMLA},
TITLE       = {Reconstruction of wavelet coefficients using total variation minimization},
MONTH       = {November},
NUMBER      = {2001-18},
YEAR        = {2001}
} 

@INPROCEEDINGS{rest:froment02a,
AUTHOR     = {P. Dh\'er\'et\'e and S. Durand and J. Froment and B. Roug\'e},
TITLE      = {A Best Wavelet Packet Basis for Joint Image Deblurring-denoising and Compression},
BOOKTITLE  = {SPIE 47th Annual Meeting, Seattle, July 7-11},
YEAR       = {2002}
} 

@ARTICLE{rest:candes02,
AUTHOR     = {E.J. Cand\`es and F. Guo},
TITLE      = {New Multiscale Transforms, Minimum Total Variation Synthesis: 
              Applications to Edge-Preserving Image Reconstruction},
JOURNAL    = {Signal Processing},
VOLUME     = {82},
NUMBER     = {11},
PAGES      = {1519-1543},
YEAR       = {2002}
}


@ARTICLE{rest:perona90,
AUTHOR     = {P. Perona and J. Malik},
TITLE      = {Scale-space and edge detection using anisotropic diffusion},
JOURNAL    = {{IEEE} Transactions on Pattern Analysis and Machine 
Intelligence},
VOLUME     = {12},
PAGES      = {629--639},
YEAR       = {1990}
}

@ARTICLE{rest:alvarez92,
AUTHOR     = {L. Alvarez and P.-L. Lions and J.-M. Morel},
TITLE      = {Image selective smoothing and edge detection by nonlinear diffusion},
JOURNAL    = {{SIAM} Journal on Numerical Analysis},
VOLUME     = {29},
PAGES      = {845--866},
YEAR       = {1992}
}
@ARTICLE{astro:corbard99,
    author = {{Corbard}, T. and {Blanc-F{\' e}raud}, L. and {Berthomieu}, G. and 
        {Provost}, J.},
    title = "{Nonlinear regularization for helioseismic inversions. Application for the study of the solar tachocline}",
    journal = AA,
    year = 1999,
    month = apr,
    volume = 344,
    pages = {696--708},
    url = {http://cdsads.u-strasbg.fr/cgi-bin/nph-bib_query?bibcode=1999A%26A...344..696C&db_key=AST},
    adsnote = {Provided by the NASA Astrophysics Data System}
}

@ARTICLE{rest:rundin92,
AUTHOR     = {L.I. Rudin and S. Osher and E. Fatemi},
TITLE      = {Nonlinear total variation noise removal algorithm},
JOURNAL    = {Physica D},
VOLUME     = {60},
PAGES      = {259--268},
YEAR       = {1992}
}
@ARTICLE{rest:acar94,
AUTHOR     = {R. Acar and C.R. Vogel},
TITLE      = {Analysis of bounded variation 
              penalty methods for ill-posed problem},
JOURNAL    = {Physica D},
VOLUME     = {10},
PAGES      = {1217--1229},
YEAR       = {1994}
}

@ARTICLE{rest:bennet48,
AUTHOR     = {W.R. Bennet},
TITLE      = {Spectra of quantized signals},
JOURNAL    = {Bell Systems Technical Journal},
VOLUME     = {27},
PAGES      = {446--472},
YEAR       = {1948}
}

@ARTICLE{rest:gammaitoni98,
AUTHOR     = {L. Gammaitoni and P. H\"anggi and P. Jung and F. Marchesoni},
TITLE      = {Stochastic resonance},
JOURNAL    = {Reviews of Modern Physics},
VOLUME     = {70},
PAGES      = {223--287},
YEAR       = {1998}
}

@ARTICLE{rest:dempster77,
AUTHOR     = {A.P. Dempster and N.M. Laird and D.B. Rubin},
JOURNAL    = {Journal of the Royal Statistical Society},
TITLE     = {Maximum likelihood from data
  via the {EM} algorithm},
VOLUME     = {39},
PAGES     = {1-38},
YEAR       = {1977}
}

@ARTICLE{rest:pantin97,
    author = {{Pantin}, E. and {Lagage}, P.~O. and {Artymowicz}, P.},
    title = "{Mid-infrared images and models of the beta  Pictoris dust disk}",
    journal = AA,
    year = 1997,
    month = nov,
    volume = 327,
    pages = {1123--1136}
}



@ARTICLE{rest:molina01,
AUTHOR     = {R. Molina and J. N\'u{\~n}ez and F. Cortijo and J. Mateos},
JOURNAL    = {{IEEE} Signal Processing Magazine},
TITLE     = {Image restoration in astronomy: a {B}ayesian review},
VOLUME     = {18},
PAGES     = {11-29},
YEAR       = {2001}
}

@INPROCEEDINGS{rest:hook00,
    author = {{Hook}, R.N. and {Fruchter}, A.S.},
    title = {Dithering, Sampling and Image Reconstruction},
    booktitle = {ASP Conference Series 216: Astronomical Data Analysis Software and Systems IX},
    year = 2000,
    publisher = {Astronomical Society of the Pacific},
    pages = {521},
    url = {http://cdsads.u-strasbg.fr/cgi-bin/nph-bib_query?bibcode=2000adass...9..521H&db_key=AST},
    adsnote = {Provided by the NASA Astrophysics Data System}
}


@INPROCEEDINGS{wave:yamada01,
  AUTHOR       = {Isao Yamada},
  TITLE        = {The hybrid steepest descent method for the variational
                   inequality problem over the intersection of fixed point sets
		   of nonexpansive mappings},
  PUBLISHER    = {Elsevier},
  EDITOR       = {D. Butnariu and Y. Censor and S. Reich},
  BOOKTITLE    = {Inherently Parallel Algorithms in  Feasibility and 
Optimization and Their Applications},
  YEAR         = {2001}
}

@INPROCEEDINGS{rest:tekalp91,
AUTHOR     = {A.M. Tekalp and G. Pavlovi\'c},
TITLE      = {Restoration of scanned photographic images },  
BOOKTITLE  = {Digital Image Restoration}, 
EDITOR     = {A.K. Katsaggelos}, 
PUBLISHER  = { Springer-Verlag},
PAGES      = {209--239}, 
YEAR      = {1991}
}

@ARTICLE{rest:snyder93,
    author = {D.L. Snyder and A.M. Hammound and R.L. White},
    title = {Image recovery from data acquired with a charge-coupled camera},
    journal = JOSA,
    year = 1993,
    volume = 10,
    pages = {1014--1023}
}
@ARTICLE{rest:gerchberb74,
    author = {R.W. Gerchberg},
    title = {Super-resolution through error energy reduction},
    journal = {Optica Acta},
    year = 1974,
    volume = 21,
    pages = {709--720}
}

@ARTICLE{rest:papoulis75,
    author = {A. Papoulis},
    title = {A new algorithm in spectral analysis and
             band-limited extrapolation},
    journal = CAS,
    year = 1975,
    volume = 22,
    pages = {735--742}
}


@ARTICLE{rest:kempen00,
    author = {G.M.P. Kempen and L.J. van Vliet},
    title = {Background estimation in non linear image restoration},
    journal = JOSAA,
    year = 2000,
    volume = 17,
    pages = {425--433}
}
@ARTICLE{rest:hunt99,
    author = {J.J, Green and B.R. Hunt},
    title = {Improved restoration of space object imagery},
    journal = JOSAA,
    year = 2000,
    volume = 16,
    pages = {2859--2865}
}

@ARTICLE{rest:Pijpers:99,
    author = {{Pijpers}, F. P.},
    title = {Unbiased image reconstruction as an inverse problem},
    journal = MNRAS,
    year = 1999,
    month = aug,
    volume = 307,
    pages = {659--668},
    url = {http://cdsads.u-strasbg.fr/cgi-bin/nph-bib_query?bibcode=1999MNRAS.307..659P&db_key=AST},
    adsnote = {Provided by the NASA Astrophysics Data System}
}

@ARTICLE{rest:anscombe48,
AUTHOR     = {F.J. Anscombe},
TITLE      = {The transformation of {P}oisson, binomial and negative-binomial data},
JOURNAL    = {Biometrika},
VOLUME     = {15},
PAGES      = {246--254},
YEAR       = {1948}
}

@ARTICLE{rest:bijaoui97,
AUTHOR     = {A. Bijaoui and Y. Bobichon and Y. Fang  and F. Ru\'e},
TITLE      = {M\'ethodes multi\'echelles appliqu\'ees \`a l'analyse des images radar \`a ouverture synth\'etique},
JOURNAL    = {Traitement du Signal},
VOLUME     = {14},
PAGES      = {179--193},
YEAR       = {1997}
}

@ARTICLE{rest:blancferaud96,
  AUTHOR       = {L. Blanc-F\'eraud and M. Barlaud},
  JOURNAL      = VA,
  PAGES        = {531-538},
  TITLE        = {Edge Preserving Restoration of Astrophysical Images},
  VOLUME       = {40},
  YEAR         = {1996}
}

@ARTICLE{rest:charbonnier97,
  AUTHOR       = {P. Charbonnier and L. Blanc-F\'eraud and G. Aubert and M. Barlaud},
  JOURNAL      = ITIP,
  PAGES        = {298--311},
  TITLE        = {Deterministic edge-preserving regularization in computing imaging},
  VOLUME       = {6},
  YEAR         = {1997}
}

@ARTICLE{rest:brette96,
  AUTHOR       = {S. Brette and J. Idier},
  JOURNAL      = {Proceedings of IEEE ICIP},
  PAGES        = {65--68},
  TITLE        = {Optimized single site update algorithms for image deblurring},
  YEAR         = {1996}
}

@ARTICLE{rest:chambolle98,
AUTHOR     = {A. Chambolle and R.A. DeVore and N. Lee and B.J. Lucier},
TITLE      = {Nonlinear wavelet image processing: Variational problems, compression, 
and noise removal through wavelet shrinkage},
JOURNAL    = ITSP,
VOLUME     = {7},
PAGES      = {319--335},
YEAR       = {1998}
}

@ARTICLE{rest:conan99,
    author = {{Conan}, J.L. and {Fusco}, T. and {Mugnier}, L.M. and {Marchis}, F.
        },
    title = "MISTRAL: Myopic deconvolution method applied to {ADONIS} and to simulated {VLT-NAOS} images",
    journal = {The Messenger},
    year = 2000,
    month = mar,
    volume = 99,
    pages = {38--45},
    url = {http://cdsads.u-strasbg.fr/cgi-bin/nph-bib_query?bibcode=2000Msngr..99...38C&db_key=AST},
    adsnote = {Provided by the NASA Astrophysics Data System}
}

@INPROCEEDINGS{rest:cornwell88,
    author = {{Cornwell}, T.~J.},
    title = "{Image Restoration}",
    booktitle = {NATO ASIC Proc. 274: Diffraction-Limited Imaging with Very Large Telescopes},
    year = 1989,
    pages = {273-+},
    url = {http://cdsads.u-strasbg.fr/cgi-bin/nph-bib_query?bibcode=1989dli..conf..273C&db_key=AST},
    adsnote = {Provided by the NASA Astrophysics Data System}
}


@INPROCEEDINGS{rest:dainty75,
AUTHOR     = {J.C. Dainty},
TITLE      = {Laser speckle and related phenomena},
BOOKTITLE  = {Topics in Applied Physics},
PUBLISHER  = {Springer-Verlag},
VOLUME     = {9},
ADDRESS    = {Berlin},
YEAR       = {1975}
}

@ARTICLE{rest:demoment89,
  AUTHOR       = {G. Demoment},
  JOURNAL      = {IEEE Transactions on Acoustics Speach and Signal Processing},
  PAGES        = {2024--2036},
  TITLE        = {Image Reconstruction and Restoration: Overview of common estimation structures and problems},
  VOLUME       = {37},
  YEAR         = {1989}
}

@ARTICLE{rest:frances95,
AUTHOR     = {G. Franceschetti and V. Pascazio and G. Schirinzi},
TITLE      = { Iterative homomorphic technique for speckle reduction in synthetic aperture radar imaging},
JOURNAL    = JOSAA,
VOLUME     = {12},
PAGES      = {686--694},
YEAR       = {1995}
}


@ARTICLE{rest:galatsanos92,
AUTHOR     = {N.P. Galatsanos and A.K. Katsaggelos},
TITLE      = {Methods for choosing the regularization parameter and estimating the noise variance 
              in image restoration and their relation},
JOURNAL    = {IEEE Transactions on Image Processing},
VOLUME     = {1},
PAGES      = {322--336},
YEAR       = {1992}
}

@ARTICLE{rest:geman84,
  AUTHOR       = {S. Geman and D. Geman},
  JOURNAL      = {IEEE Transactions on Pattern Analysis and Machine Intelligence},
  PAGES        = {721--741},
  TITLE        = {Stochastic relaxation, {G}ibbs distributions and the {B}ayesian restoration of images},
  VOLUME       = {6},
  YEAR         = {1984}
}

@ARTICLE{rest:geman92,
  AUTHOR       = {D. Geman and G. Reynolds},
  JOURNAL      = {IEEE Transactions on Pattern Analysis and Machine Intelligence},
  PAGES        = {367--383},
  TITLE        = {Constrained Restoration and the Recovery of Discontinuities},
  VOLUME       = {14},
  YEAR         = {1992}
}


@ARTICLE{rest:golub79,
AUTHOR     = {G.H. Golub and M. Heath and G. Wahba},
TITLE      = {Generalized cross-validation as a method for choosing a good ridge parameter},
JOURNAL    = {Technometrics},
VOLUME     = {21},
PAGES      = {215--223},
YEAR       = {1979}
}
 
@ARTICLE{rest:hogbom74,
AUTHOR     = {J.A. H\"ogbom},
TITLE      = {Aperture synthesis with a non-regular distribution of interferometer baselines},
JOURNAL    = {Astronomy and  Astrophysics  Supplement Series},
VOLUME     = {15},
PAGES      = {417--426},
YEAR       = {1974}
}

@ARTICLE{rest:powell95,
   AUTHOR  = {K.J. Powell and T. Sapatinas and T.C. Bailey and W.J. Krzanowski},
   TITLE   = {Application of wavelets to pre-processing of underwater sounds},
   YEAR    = {1995},
   JOURNAL = {Statistics and Computing},
   VOLUME = {5},
   PAGES  = {265--273}
}

@INPROCEEDINGS{rest:johnstone01,
TITLE      = {Threshold selection in transform shrinkage},
AUTHOR     = {I. Johnstone},
BOOKTITLE  = {Statistical Challenges in Modern Astronomy III, Penn State, July 18-21},
YEAR       = {2001}
}

@ARTICLE{rest:donoho93_1,
   AUTHOR  = {D.L. Donoho and I.M. Johnstone},
   TITLE   = {Ideal spatial adaptation via wavelet shrinkage},
   YEAR    = {1994},
   JOURNAL = {Biometrika},
   VOLUME = {81},
   PAGES  = {425--455}
}

@INPROCEEDINGS{rest:donoho93_2,
AUTHOR     = {D.L. Donoho},
TITLE      = {Nonlinear wavelet methods for recovery of signals, densities, and spectra from indirect and noisy data},
BOOKTITLE  = {Proceedings of Symposia in Applied Mathematics},
EDITOR     = {American Mathematical Society},
VOLUME     = {47},
PAGES     = {173--205},
YEAR       = {1993}
}
 
@ARTICLE{rest:donoho92,
AUTHOR     = {D.L. Donoho and I.M. Johnson and J.C. Hoch and A.S. Stern},
TITLE      = {Maximum Entropy and the Nearly Black Object},
JOURNAL     = {Journal of the Royal Statistical Society},
VOLUME     = {B54},
PAGES     = {41-81},
YEAR       = {1992}
}

@PHDTHESIS{rest:kalifa99,
  AUTHOR       = {J. Kalifa},
  MONTH        = {5 May},
  SCHOOL       = {Ecole Polytechnique},
  TITLE        = {Restauration minimax et d\'econvolution dans une base d'ondelettes miroir},
  YEAR         = {1999}
}

@misc{rest:kalifa00,
   author =  {J. Kalifa and S. Mallat and B. Roug\'e}, 
   title = {Minimax Deconvolution in Mirror Wavelet Bases},
   howpublished = {submitted},
   year =       {2000}
}

@INPROCEEDINGS{rest:kalifa98,
AUTHOR     = {J. Kalifa and S. Mallat and B. Roug\'e},
TITLE      = {Image deconvolution in mirror wavelet bases},
BOOKTITLE  = {International Conference on Image Processing},
pages      =      {565--569},
VOLUME     = {1},
YEAR       = {1998}
}
	       
@INPROCEEDINGS{rest:donoho95,
AUTHOR     = {R.R. Coifman and D.L. Donoho},
TITLE      = {Translation Invariant De-Noising},
BOOKTITLE  = {Wavelets and Statistics},
EDITOR     = {A. Antoniadis and G. Oppenheim},
PUBLISHER  = {Springer-Verlag},
pages =      {125--150},
YEAR       = {1995}
}

@ARTICLE{rest:donoho95b,
AUTHOR     = {D.L. Donoho},
TITLE      = {Nonlinear Solution of Inverse Problems by Wavelet-Vaguelette Decomposition},
JOURNAL     = {Applied and Computational Harmonic Analysis},
VOLUME     = {2},
PAGES      = {101--126},
YEAR       = {1995}
}


@ARTICLE{rest:hoekman91,
AUTHOR     = {D..H. Hoekman},
TITLE      = {Speckle ensemble statistics of logarithmically scaled data},
JOURNAL    = GRS,
VOLUME     = {29},
PAGES      = {180--184},
YEAR       = {1991}
}

@ARTICLE{rest:hunt94,
AUTHOR     = {B.R. Hunt},
TITLE      = {Prospects for Image Restoration},
JOURNAL    = {International Journal of Modern Physics C},
VOLUME     = {5},
PAGES      = {151--178},
YEAR       = {1994}
}


@ARTICLE{rest:idier96,
AUTHOR     = {F. Champagnat and Y. Goussard and J. Idier},
TITLE      = {Unsupervised Deconvolution of Sparse Spike Trains Using Stochastic Approximation},
JOURNAL    = ITIP,
VOLUME     = {44},
PAGES      = {2988--2997},
YEAR       = {1996}
}
@ARTICLE{rest:kaaresen97,
AUTHOR     = {K.F. Kaaresen},
TITLE      = {Deconvolution of Sparse Spike Trains by Iterated Window Maximization},
JOURNAL    = ITIP,
VOLUME     = {45},
PAGES      = {1173--1183},
YEAR       = {1997}
}


@ARTICLE{rest:jansson68,
AUTHOR     = {P.A. Jansson and R.H. Hunt and E.K. Peyler}, 
TITLE      = {Resolution Enhancement of Spectra},
JOURNAL    = JOSA, 
VOLUME     = {60},
PAGES      = {596--599},
YEAR       = {1970}
}

@BOOK{rest:katsaggelos91,
AUTHOR     = {A. K. Katsaggelos},
PUBLISHER  = {Springer-Verlag},
TITLE      = {Digital Image Restoration},
ADDRESS    = {Berlin},
YEAR       = {1991}
}

@InProceedings{rest:krim92,
  title =        "{M}ultiscale detection of nonstationary signals",
  booktitle =    "Time-Frequency and Time-Scale Analysis",
  organization = "IEEE Signal Processing Society",
  year =         "1992",
  pages =        "105--108",
  address =      "Victoria, B.C., Canada",
  author =       "H. Krim and K. Drouiche and J. C. Pesquet"
}

@ARTICLE{rest:landweber51,
AUTHOR     = {L. Landweber},
TITLE      = {An iteration formula for {F}redholm integral equations of the first kind},
JOURNAL    = {American Journal of Mathematics},
VOLUME     = {73},
PAGES      = {615--624},
YEAR       = {1951}
}

@ARTICLE{rest:lannes87,
AUTHOR     = {A. Lannes and S. Roques}, 
TITLE      = {Resolution and Robustness in Image Processing: a new regularization principle},
JOURNAL    = JOSA, 
VOLUME     = {4},
PAGES      = {189--199},
YEAR       = {1987}
}

@INPROCEEDINGS{rest:llacer90,
AUTHOR     = {J. Llacer and J. N\'u{\~n}ez},
TITLE      = {Iterative maximum  likelihood estimator and {B}ayesian
              algorithms for image reconstruction in astronomy},
BOOKTITLE  = {The Restoration of {HST} Images and Spectra},
EDITOR     = {R.L. White and R.J. Allen},
PUBLISHER  = {Space Telescope Science Institute},
ADDRESS    = {Baltimore},
YEAR       = {1990}
}

@ARTICLE{rest:lauer99,
    author = {{Lauer}, T.R.},
    title = "Combining Undersampled Dithered Images",
    journal = PASP,
    year = 1999,
    volume = 111,
    pages = {227--237},
    url = {http://cdsads.u-strasbg.fr/cgi-bin/nph-bib_query?bibcode=1999PASP..111..227L&db_key=AST},
    adsnote = {Provided by the NASA Astrophysics Data System}
}


@INPROCEEDINGS{rest:lorenz93,
AUTHOR     = {H. Lorenz and G.M. Richter},
TITLE      = {Adaptive filtering of {HST} images: 
             preprocessing for deconvolution},  
BOOKTITLE  = {Science with the Hubble Space Telescope}, 
EDITOR     = {P. Benvenuti and E. Schreier}, 
PUBLISHER  = {European Southern Observatory },
ADDRESS    = {Garching},
PAGES      = {203--206}, 
 YEAR      = {1993}
}

@misc{rest:neelamani01,
   author =  {R. Neelamani  and H. Choi and R. G. Baraniuk}, 
   title  = {Wavelet-based deconvolution for ill-conditioned systems},
   howpublished = {submitted},
   year =  {2001}
}
@misc{rest:neelamani99,
   author =  {R. Neelamani}, 
   title   = {Wavelet-based deconvolution for ill-conditionned systems},
   howpublished = {{MS} thesis, Deptment of ECE, Rice University},
   year =       {1999}
}

@ARTICLE{rest:dixon96,
    author = {{Dixon}, D.D. and {Johnson}, W.N. and {Kurfess}, J.D. and 
        {Pina}, R.K. and {Puetter}, R.C. and {Purcell}, W.R. and 
        {Tuemer}, T.O. and {Wheaton}, W.A. and {Zych}, A.D.},
    title = "Pixon-based deconvolution.",
    journal = AAS,
    year = 1996,
    month = dec,
    volume = 120,
    pages = {683--686},
    url = {http://ads.nao.ac.jp/cgi-bin/nph-bib_query?bibcode=1996A%26AS..120C.683D&db_key=AST},
    adsnote = {Provided by the NASA Astrophysics Data System}
}

@INPROCEEDINGS{rest:puetter99,
    author = {{Puetter}, R.C. and {Yahil}, A.},
    title = "The Pixon Method of Image Reconstruction",
    booktitle = {ASP Conference Series 172: Astronomical Data Analysis Software and Systems VIII},
    year = 1999,
    publisher = {Astronomical Society of the Pacific},
    pages = {307},
    url = {http://ads.nao.ac.jp/cgi-bin/nph-bib_query?bibcode=1999adass...8..307P&db_key=AST},
    adsnote = {Provided by the NASA Astrophysics Data System}
}



@INPROCEEDINGS{rest:lucy94b,
    author = {{Lucy}, L.B.},
 TITLE      = {Image Restoration of High Photometric Quality},  
BOOKTITLE  = {The Restoration of {HST} Images and Spectra {II}}, 
EDITOR     = {R. J. Hanisch and R. L. White}, 
PUBLISHER  = {Space Telescope Science Institute},
PAGES      = {79}, 
 YEAR      = {1994}
}

@ARTICLE{rest:lucy74,
AUTHOR     = {L.B. Lucy},
TITLE      = {An iteration technique for the rectification of observed distributions},
JOURNAL     = {Astronomical Journal},
VOLUME     = {79},
PAGES      = {745--754},
YEAR       = {1974}
}
@ARTICLE{rest:hook99,
AUTHOR     = {R. Hook},
TITLE      = {An overview of some image restoration and combination methods},
JOURNAL     = {{ST-ECF} Newsletter No.\ 26},
PAGES      = {3--5},
YEAR       = {1999}
}
@ARTICLE{rest:lucy94,
    author = {{Lucy}, L.B.},
    title = "Optimum strategies for inverse problems in statistical astronomy",
    journal = AA,
    year = 1994,
    month = sep,
    volume = 289,
    pages = {983--994},
    url = {http://ads.nao.ac.jp/cgi-bin/nph-bib_query?bibcode=1994A%26A...289..983L&db_key=AST},
    adsnote = {Provided by the NASA Astrophysics Data System}
}


@INPROCEEDINGS{rest:gira00,
    author = {{Pirzkal}, N. and {Hook}, R.N. and {Lucy}, L.B.},
    title = "{GIRA} -- Two Channel Photometric Restoration",
    booktitle = {Astronomical Data Analysis Software and Systems IX}, 
    editor = {N. Manset and C. Veillet and D. Crabtree},
    publisher = {Astronomical Society of the Pacific}, 
    year = 2000,
    pages = {655},
    url = {http://ads.nao.ac.jp/cgi-bin/nph-bib_query?bibcode=2000adass...9..655P&db_key=AST},
    adsnote = {Provided by the NASA Astrophysics Data System}
}



@ARTICLE{rest:magain98,
AUTHOR     = {P. Magain and F. Courbin and S. Sohy},
TITLE      = {Deconvolution with Correct Sampling},
JOURNAL     = AJ,
VOLUME     = {494},
PAGES      = {472},
YEAR       = {1998}
}

@ARTICLE{rest:molina93,
AUTHOR     = {R. Molina},
TITLE      = {On the hierarchical {B}ayesian approach to 
image restoration. {Applications} to astronomical images},
JOURNAL     = { IEEE Transactions on Pattern Analysis and Machine Intelligence},
VOLUME     = {16},
PAGES      = {1122--1128},
YEAR       = {1994}
}

@INPROCEEDINGS{rest:molina92,
    author = {R. Molina and F.J. Cortijo},
    title = {On the {B}ayesian deconvolution of planets},
    booktitle = {Proc. International Conference on Pattern Recognition, {ICPR'92}},
    year = 1992,
    volume = 3,
    pages = {147--150}
}

@ARTICLE{rest:molina96,
    author = {{Molina}, R. and {Katsaggelos}, A.K. and {Mateos}, J. and 
        {Abad}, J.},
    title = "Compound {G}auss-{M}arkov random fields for astronomical image restoration",
    journal = {Vistas in Astronomy},
    year = 1996,
    volume = 40,
    pages = {539--546}
}

@ARTICLE{rest:molina00,
    author = {R. Molina. and A.K. Katsaggelos and J. Mateos. and 
              A. Hermoso and A. Segall},
    title = "Restoration of severely blurred high range images 
             using stochastic and deterministic relaxation algorithms 
	     in compound {G}auss {M}arkov random fields",
    journal = {Pattern Recognition},
    year = 2000,
    volume = 33,
    pages = {555--571}
}

@ARTICLE{rest:katsa95,
  author = {A. Katsaggelos and M.G. Kang},
    title = " A Spatially adaptive iterative algorithm for the 
    restoration of astronomical images",
    journal = {International Journal of Imaging Systems and Technology},
    year = 1995,
    volume = 6,
    pages = {305--313}
} 



% introduce priors for wavelet coeff denoising
@ARTICLE{rest:moulin99,
AUTHOR     = {P. Moulin and J. Liu},
TITLE      = {Analysis of Multiresolution Image Denoising Schemes Using
              Generalized Gaussian and Complexity Priors}, 
JOURNAL    = IT,
VOLUME     = {45},
PAGES      = {909--919},
YEAR       = {1999}
}


@ARTICLE{rest:richardson72,
AUTHOR     = {W.H. Richardson},
TITLE      = {Bayesian-based iterative method of image restoration},
JOURNAL     = {Journal of the Optical Society of America},
VOLUME     = {62},
PAGES      = {55--59},
YEAR       = {1972}
}

@ARTICLE{rest:slezak93,
AUTHOR     = {E. Slezak and V. de Lapparent and A. Bijaoui},
TITLE      = {Objective detection of voids and high-density structures in the first {C}f{A} redshift survey slice},
JOURNAL    = {Astrophysical Journal},
VOLUME     = {409},
PAGES      = {517--529},
YEAR       = {1993}
}

@ARTICLE{rest:slezak94,
AUTHOR     = {E. Slezak and  F. Durret and  D. Gerbal},
TITLE      = {A wavelet analysis search for substructures in eleven {X}-ray clusters of galaxies},
JOURNAL    = {Astrophysical Journal},
VOLUME     = {108},
PAGES      = {1996--2008},
YEAR       = {1994}
}

@ARTICLE{rest:shepp82,
AUTHOR     = {L.A. Shepp and Y. Vardi},
TITLE      = {Maximum likelihood reconstruction for emission tomography},
JOURNAL     = {{IEEE} Transactions on Medical Imaging},
VOLUME     = {MI-2},
PAGES      = {113--122},
YEAR       = {1982}
}
 
@ARTICLE{rest:tikhonov77,
AUTHOR     = { A.N. Tikhonov and A.V. Goncharski and V.V. Stepanov and I.V. Kochikov},
TITLE      = { Ill-posed image processing problems},
JOURNAL    = {Soviet Physics -- Doklady},
VOLUME     = {32},
PAGES      = {456--458},
YEAR       = {1987}
}

@ARTICLE{rest:vancittert31,
AUTHOR     = {P.H. Van Cittert},
TITLE      = {Zum {E}influ\ss \ der {S}paltbreite auf
               die {I}ntensit\"atsverteilung in {S}pektrallinien {II}},
JOURNAL    = {Zeitschrift f\"ur Physik},
VOLUME     = {69},
PAGES      = {298--308},
YEAR       = {1931}
}

@ARTICLE{rest:wakker88,
AUTHOR     = {B.P. Wakker and U.J. Schwarz},
TITLE      = {The Multi-Resolution {C}lean
and its application to the short-spacing problem in interferometry},
JOURNAL    = {Annual Reviews of Astronomy and Astrophysics},
VOLUME     = {200},
PAGES      = {312},
YEAR       = {1988}
}



@ARTICLE{rest:freudcaul93a,
AUTHOR     = {A. Caulet and W. Freudling},
TITLE      = {Distant galaxy cluster
simulations -- {HST} and ground-based },
JOURNAL    = {ST-ECF Newsletter No.\ 20},
PAGES      = {5--7},
YEAR       = {1993}
}

@INPROCEEDINGS{rest:freudcaul93b,
AUTHOR     = {W. Freudling and A. Caulet},
TITLE      = {Simulated {HST} observations of distant clusters of galaxies},
BOOKTITLE  = {Proceedings of the 5th {ESO/ST-ECF Data Analysis Workshop}},
PUBLISHER  = {European Southern Observatory},
EDITOR     = {P. Grosb{\o}l},
ADRESS     = {Garching},
PAGES      = {63--68},
YEAR       = {1993}
}


@ARTICLE{rest:dixon99,
    author = {{Kn{\"o}dlseder}, J. and {Dixon}, D. and {Bennett}, K. and {Bloemen}, H. and 
       {Diehl}, R. and {Hermsen}, W. and {Oberlack}, U. and {Ryan}, J. and 
       {Sch{\"o}nfelder}, V. and {von Ballmoos}, P.},
    title = {"Image reconstruction of COMPTEL 1.8 MeV (26) AL line data"},
    journal = AA,
    year = 1999,
    month = may,
    volume = 345,
    pages = {813--825},
    url = {http://cdsads.u-strasbg.fr/cgi-bin/nph-bib_query?bibcode=1999A%26A...345..813K&db_key=AST},
    adsnote = {Provided by the NASA Astrophysics Data System}
}
